%YAML 1.1
%TAG !u! tag:unity3d.com,2011:
--- !u!29 &1
OcclusionCullingSettings:
  m_ObjectHideFlags: 0
  serializedVersion: 2
  m_OcclusionBakeSettings:
    smallestOccluder: 5
    smallestHole: 0.25
    backfaceThreshold: 100
  m_SceneGUID: 00000000000000000000000000000000
  m_OcclusionCullingData: {fileID: 0}
--- !u!104 &2
RenderSettings:
  m_ObjectHideFlags: 0
  serializedVersion: 9
  m_Fog: 0
  m_FogColor: {r: 0.5, g: 0.5, b: 0.5, a: 1}
  m_FogMode: 3
  m_FogDensity: 0.01
  m_LinearFogStart: 0
  m_LinearFogEnd: 300
  m_AmbientSkyColor: {r: 0.212, g: 0.227, b: 0.259, a: 1}
  m_AmbientEquatorColor: {r: 0.114, g: 0.125, b: 0.133, a: 1}
  m_AmbientGroundColor: {r: 0.047, g: 0.043, b: 0.035, a: 1}
  m_AmbientIntensity: 1
  m_AmbientMode: 3
  m_SubtractiveShadowColor: {r: 0.42, g: 0.478, b: 0.627, a: 1}
  m_SkyboxMaterial: {fileID: 0}
  m_HaloStrength: 0.5
  m_FlareStrength: 1
  m_FlareFadeSpeed: 3
  m_HaloTexture: {fileID: 0}
  m_SpotCookie: {fileID: 10001, guid: 0000000000000000e000000000000000, type: 0}
  m_DefaultReflectionMode: 0
  m_DefaultReflectionResolution: 128
  m_ReflectionBounces: 1
  m_ReflectionIntensity: 1
  m_CustomReflection: {fileID: 0}
  m_Sun: {fileID: 0}
  m_IndirectSpecularColor: {r: 0, g: 0, b: 0, a: 1}
  m_UseRadianceAmbientProbe: 0
--- !u!157 &3
LightmapSettings:
  m_ObjectHideFlags: 0
  serializedVersion: 11
  m_GIWorkflowMode: 1
  m_GISettings:
    serializedVersion: 2
    m_BounceScale: 1
    m_IndirectOutputScale: 1
    m_AlbedoBoost: 1
    m_EnvironmentLightingMode: 0
    m_EnableBakedLightmaps: 0
    m_EnableRealtimeLightmaps: 0
  m_LightmapEditorSettings:
    serializedVersion: 10
    m_Resolution: 2
    m_BakeResolution: 40
    m_AtlasSize: 1024
    m_AO: 0
    m_AOMaxDistance: 1
    m_CompAOExponent: 1
    m_CompAOExponentDirect: 0
    m_Padding: 2
    m_LightmapParameters: {fileID: 0}
    m_LightmapsBakeMode: 1
    m_TextureCompression: 1
    m_FinalGather: 0
    m_FinalGatherFiltering: 1
    m_FinalGatherRayCount: 256
    m_ReflectionCompression: 2
    m_MixedBakeMode: 2
    m_BakeBackend: 0
    m_PVRSampling: 1
    m_PVRDirectSampleCount: 32
    m_PVRSampleCount: 500
    m_PVRBounces: 2
    m_PVRFilterTypeDirect: 0
    m_PVRFilterTypeIndirect: 0
    m_PVRFilterTypeAO: 0
    m_PVRFilteringMode: 1
    m_PVRCulling: 1
    m_PVRFilteringGaussRadiusDirect: 1
    m_PVRFilteringGaussRadiusIndirect: 5
    m_PVRFilteringGaussRadiusAO: 2
    m_PVRFilteringAtrousPositionSigmaDirect: 0.5
    m_PVRFilteringAtrousPositionSigmaIndirect: 2
    m_PVRFilteringAtrousPositionSigmaAO: 1
    m_ShowResolutionOverlay: 1
  m_LightingDataAsset: {fileID: 0}
  m_UseShadowmask: 1
--- !u!196 &4
NavMeshSettings:
  serializedVersion: 2
  m_ObjectHideFlags: 0
  m_BuildSettings:
    serializedVersion: 2
    agentTypeID: 0
    agentRadius: 0.5
    agentHeight: 2
    agentSlope: 45
    agentClimb: 0.4
    ledgeDropHeight: 0
    maxJumpAcrossDistance: 0
    minRegionArea: 2
    manualCellSize: 0
    cellSize: 0.16666667
    manualTileSize: 0
    tileSize: 256
    accuratePlacement: 0
    debug:
      m_Flags: 0
  m_NavMeshData: {fileID: 0}
--- !u!1 &4378720
GameObject:
  m_ObjectHideFlags: 0
  m_CorrespondingSourceObject: {fileID: 0}
  m_PrefabInstance: {fileID: 0}
  m_PrefabAsset: {fileID: 0}
  serializedVersion: 6
  m_Component:
  - component: {fileID: 4378721}
  m_Layer: 0
  m_Name: Settings
  m_TagString: Untagged
  m_Icon: {fileID: 0}
  m_NavMeshLayer: 0
  m_StaticEditorFlags: 0
  m_IsActive: 1
--- !u!4 &4378721
Transform:
  m_ObjectHideFlags: 0
  m_CorrespondingSourceObject: {fileID: 0}
  m_PrefabInstance: {fileID: 0}
  m_PrefabAsset: {fileID: 0}
  m_GameObject: {fileID: 4378720}
  m_LocalRotation: {x: -0, y: -0, z: -0, w: 1}
  m_LocalPosition: {x: 0, y: 0, z: 0}
  m_LocalScale: {x: 1, y: 1, z: 1}
  m_Children:
  - {fileID: 1328001852}
  m_Father: {fileID: 544446810}
  m_RootOrder: 0
  m_LocalEulerAnglesHint: {x: 0, y: 0, z: 0}
--- !u!1 &32142944 stripped
GameObject:
  m_CorrespondingSourceObject: {fileID: 8893643761307679848, guid: 55108a7a39ee9d649b95f71f0a67f5a9,
    type: 3}
  m_PrefabInstance: {fileID: 8893643759894875967}
  m_PrefabAsset: {fileID: 0}
--- !u!114 &333933623
MonoBehaviour:
  m_ObjectHideFlags: 0
  m_CorrespondingSourceObject: {fileID: 0}
  m_PrefabInstance: {fileID: 0}
  m_PrefabAsset: {fileID: 0}
  m_GameObject: {fileID: 0}
  m_Enabled: 1
  m_EditorHideFlags: 0
  m_Script: {fileID: 11500000, guid: c011637fb4c894c56a9178092966b5ac, type: 3}
  m_Name: cbb69aa3-0b70-4ed0-83f7-93f9a67fa838
  m_EditorClassIdentifier: 
  m_DisplayName: Animation
  m_Id: 8149e4f2-d2d3-4434-b10a-641b127b9320
  gameObject: {fileID: 0}
  enabled: 0
  recursive: 1
  fold: 1
  bindingTypeName: []
--- !u!20 &519420031 stripped
Camera:
  m_CorrespondingSourceObject: {fileID: 8215623114811697225, guid: cac633f413474df47a8596f4c37d55ac,
    type: 3}
  m_PrefabInstance: {fileID: 8215623114565046326}
  m_PrefabAsset: {fileID: 0}
--- !u!1 &544446809
GameObject:
  m_ObjectHideFlags: 1
  m_CorrespondingSourceObject: {fileID: 0}
  m_PrefabInstance: {fileID: 0}
  m_PrefabAsset: {fileID: 0}
  serializedVersion: 6
  m_Component:
  - component: {fileID: 544446810}
  m_Layer: 0
  m_Name: UnityEngine-Recorder
  m_TagString: Untagged
  m_Icon: {fileID: 0}
  m_NavMeshLayer: 0
  m_StaticEditorFlags: 0
  m_IsActive: 1
--- !u!4 &544446810
Transform:
  m_ObjectHideFlags: 1
  m_CorrespondingSourceObject: {fileID: 0}
  m_PrefabInstance: {fileID: 0}
  m_PrefabAsset: {fileID: 0}
  m_GameObject: {fileID: 544446809}
  m_LocalRotation: {x: 0, y: 0, z: 0, w: 1}
  m_LocalPosition: {x: 0, y: 0, z: 0}
  m_LocalScale: {x: 1, y: 1, z: 1}
  m_Children:
  - {fileID: 4378721}
  - {fileID: 1998712672}
  m_Father: {fileID: 0}
  m_RootOrder: 6
  m_LocalEulerAnglesHint: {x: 0, y: 0, z: 0}
--- !u!1 &637256561
GameObject:
  m_ObjectHideFlags: 0
  m_CorrespondingSourceObject: {fileID: 0}
  m_PrefabInstance: {fileID: 0}
  m_PrefabAsset: {fileID: 0}
  serializedVersion: 6
  m_Component:
  - component: {fileID: 637256563}
  - component: {fileID: 637256562}
  m_Layer: 0
  m_Name: HasBeenToBathroom
  m_TagString: Untagged
  m_Icon: {fileID: 0}
  m_NavMeshLayer: 0
  m_StaticEditorFlags: 0
  m_IsActive: 1
--- !u!114 &637256562
MonoBehaviour:
  m_ObjectHideFlags: 0
  m_CorrespondingSourceObject: {fileID: 0}
  m_PrefabInstance: {fileID: 0}
  m_PrefabAsset: {fileID: 0}
  m_GameObject: {fileID: 637256561}
  m_Enabled: 1
  m_EditorHideFlags: 0
  m_Script: {fileID: 11500000, guid: 2fa021eb9745e2345b8dbe732e14f124, type: 3}
  m_Name: 
  m_EditorClassIdentifier: 
  disable: {fileID: 0}
  enable: {fileID: 0}
--- !u!4 &637256563
Transform:
  m_ObjectHideFlags: 0
  m_CorrespondingSourceObject: {fileID: 0}
  m_PrefabInstance: {fileID: 0}
  m_PrefabAsset: {fileID: 0}
  m_GameObject: {fileID: 637256561}
  m_LocalRotation: {x: 0, y: 0, z: 0, w: 1}
  m_LocalPosition: {x: 6.6381364, y: -0.88062906, z: 112.59151}
  m_LocalScale: {x: 1, y: 1, z: 1}
  m_Children: []
  m_Father: {fileID: 0}
  m_RootOrder: 15
  m_LocalEulerAnglesHint: {x: 0, y: 0, z: 0}
--- !u!1 &692432959
GameObject:
  m_ObjectHideFlags: 0
  m_CorrespondingSourceObject: {fileID: 0}
  m_PrefabInstance: {fileID: 0}
  m_PrefabAsset: {fileID: 0}
  serializedVersion: 6
  m_Component:
  - component: {fileID: 692432961}
  - component: {fileID: 692432960}
  - component: {fileID: 692432962}
  m_Layer: 0
  m_Name: RaiseCircle
  m_TagString: Untagged
  m_Icon: {fileID: 0}
  m_NavMeshLayer: 0
  m_StaticEditorFlags: 0
  m_IsActive: 1
--- !u!114 &692432960
MonoBehaviour:
  m_ObjectHideFlags: 0
  m_CorrespondingSourceObject: {fileID: 0}
  m_PrefabInstance: {fileID: 0}
  m_PrefabAsset: {fileID: 0}
  m_GameObject: {fileID: 692432959}
  m_Enabled: 1
  m_EditorHideFlags: 0
  m_Script: {fileID: 11500000, guid: 1065052b3f5ba1348bf7af0bfa00ff65, type: 3}
  m_Name: 
  m_EditorClassIdentifier: 
  becomeCircle: {fileID: 11400000, guid: f2d62296e57601d448463c62d51ecdc3, type: 2}
--- !u!4 &692432961
Transform:
  m_ObjectHideFlags: 0
  m_CorrespondingSourceObject: {fileID: 0}
  m_PrefabInstance: {fileID: 0}
  m_PrefabAsset: {fileID: 0}
  m_GameObject: {fileID: 692432959}
  m_LocalRotation: {x: 0, y: 0, z: 0, w: 1}
  m_LocalPosition: {x: -6.924289, y: 2.5422437, z: 0.04157208}
  m_LocalScale: {x: 1, y: 1, z: 1}
  m_Children: []
  m_Father: {fileID: 0}
  m_RootOrder: 16
  m_LocalEulerAnglesHint: {x: 0, y: 0, z: 0}
--- !u!114 &692432962
MonoBehaviour:
  m_ObjectHideFlags: 0
  m_CorrespondingSourceObject: {fileID: 0}
  m_PrefabInstance: {fileID: 0}
  m_PrefabAsset: {fileID: 0}
  m_GameObject: {fileID: 692432959}
  m_Enabled: 1
  m_EditorHideFlags: 0
  m_Script: {fileID: 11500000, guid: 760a3c46b98e7ab43af2b57d709fde2b, type: 3}
  m_Name: 
  m_EditorClassIdentifier: 
  Event: {fileID: 11400000, guid: f2d62296e57601d448463c62d51ecdc3, type: 2}
  Response:
    m_PersistentCalls:
      m_Calls:
      - m_Target: {fileID: 2055410524}
        m_MethodName: BecomeCircle
        m_Mode: 1
        m_Arguments:
          m_ObjectArgument: {fileID: 0}
          m_ObjectArgumentAssemblyTypeName: UnityEngine.Object, UnityEngine
          m_IntArgument: 0
          m_FloatArgument: 0
          m_StringArgument: 
          m_BoolArgument: 0
        m_CallState: 2
    m_TypeName: UnityEngine.Events.UnityEvent, UnityEngine.CoreModule, Version=0.0.0.0,
      Culture=neutral, PublicKeyToken=null
--- !u!114 &850338778 stripped
MonoBehaviour:
  m_CorrespondingSourceObject: {fileID: 7481070402991654771, guid: 6e4240ff0f1ccf94eacd534a5259f477,
    type: 3}
  m_PrefabInstance: {fileID: 7481070402701010089}
  m_PrefabAsset: {fileID: 0}
  m_GameObject: {fileID: 0}
  m_Enabled: 1
  m_EditorHideFlags: 0
  m_Script: {fileID: 11500000, guid: 875c6c6fbf450144dbeb1fc03de721f0, type: 3}
  m_Name: 
  m_EditorClassIdentifier: 
--- !u!1 &1019528541
GameObject:
  m_ObjectHideFlags: 0
  m_CorrespondingSourceObject: {fileID: 0}
  m_PrefabInstance: {fileID: 0}
  m_PrefabAsset: {fileID: 0}
  serializedVersion: 6
  m_Component:
  - component: {fileID: 1019528543}
  - component: {fileID: 1019528542}
  m_Layer: 0
  m_Name: Thoughts
  m_TagString: Player
  m_Icon: {fileID: 0}
  m_NavMeshLayer: 0
  m_StaticEditorFlags: 0
  m_IsActive: 1
--- !u!114 &1019528542
MonoBehaviour:
  m_ObjectHideFlags: 0
  m_CorrespondingSourceObject: {fileID: 0}
  m_PrefabInstance: {fileID: 0}
  m_PrefabAsset: {fileID: 0}
  m_GameObject: {fileID: 1019528541}
  m_Enabled: 1
  m_EditorHideFlags: 0
  m_Script: {fileID: 11500000, guid: 875c6c6fbf450144dbeb1fc03de721f0, type: 3}
  m_Name: 
  m_EditorClassIdentifier: 
  hasTriggered: 0
  needSquare: 0
  isTrigger: 0
  isStuck: 0
  dialogue:
    name: 
    sentences:
    - Phew! Finally...
    - Just two more minutes until it's over.
    - No...
    - Let's just leave now.
  theBubble: {fileID: 2125703184}
  enableBubble: {fileID: 11400000, guid: 2b8036d03b745ab44a6617a5e6b4038c, type: 2}
--- !u!4 &1019528543
Transform:
  m_ObjectHideFlags: 0
  m_CorrespondingSourceObject: {fileID: 0}
  m_PrefabInstance: {fileID: 0}
  m_PrefabAsset: {fileID: 0}
  m_GameObject: {fileID: 1019528541}
  m_LocalRotation: {x: 0, y: 0, z: 0, w: 1}
  m_LocalPosition: {x: -5.860475, y: -2.06333, z: -0.16359909}
  m_LocalScale: {x: 1, y: 1, z: 1}
  m_Children:
  - {fileID: 1917995731}
  m_Father: {fileID: 0}
  m_RootOrder: 13
  m_LocalEulerAnglesHint: {x: 0, y: 0, z: 0}
--- !u!1 &1160502497
GameObject:
  m_ObjectHideFlags: 0
  m_CorrespondingSourceObject: {fileID: 0}
  m_PrefabInstance: {fileID: 0}
  m_PrefabAsset: {fileID: 0}
  serializedVersion: 6
  m_Component:
  - component: {fileID: 1160502498}
  - component: {fileID: 1160502500}
  - component: {fileID: 1160502499}
  m_Layer: 5
  m_Name: Text
  m_TagString: Player
  m_Icon: {fileID: 0}
  m_NavMeshLayer: 0
  m_StaticEditorFlags: 0
  m_IsActive: 1
--- !u!224 &1160502498
RectTransform:
  m_ObjectHideFlags: 0
  m_CorrespondingSourceObject: {fileID: 0}
  m_PrefabInstance: {fileID: 0}
  m_PrefabAsset: {fileID: 0}
  m_GameObject: {fileID: 1160502497}
  m_LocalRotation: {x: 0, y: 0, z: 0, w: 1}
  m_LocalPosition: {x: 0, y: 0, z: 0}
  m_LocalScale: {x: 1, y: 1, z: 1}
  m_Children: []
  m_Father: {fileID: 2125703179}
  m_RootOrder: 0
  m_LocalEulerAnglesHint: {x: 0, y: 0, z: 0}
  m_AnchorMin: {x: 0, y: 1}
  m_AnchorMax: {x: 0, y: 1}
  m_AnchoredPosition: {x: 202, y: -66}
  m_SizeDelta: {x: 282.8, y: 100.3}
  m_Pivot: {x: 0.5, y: 0.5}
--- !u!114 &1160502499
MonoBehaviour:
  m_ObjectHideFlags: 0
  m_CorrespondingSourceObject: {fileID: 0}
  m_PrefabInstance: {fileID: 0}
  m_PrefabAsset: {fileID: 0}
  m_GameObject: {fileID: 1160502497}
  m_Enabled: 1
  m_EditorHideFlags: 0
  m_Script: {fileID: 708705254, guid: f70555f144d8491a825f0804e09c671c, type: 3}
  m_Name: 
  m_EditorClassIdentifier: 
  m_Material: {fileID: 0}
  m_Color: {r: 0.19607843, g: 0.19607843, b: 0.19607843, a: 1}
  m_RaycastTarget: 1
  m_OnCullStateChanged:
    m_PersistentCalls:
      m_Calls: []
    m_TypeName: UnityEngine.UI.MaskableGraphic+CullStateChangedEvent, UnityEngine.UI,
      Version=1.0.0.0, Culture=neutral, PublicKeyToken=null
  m_FontData:
    m_Font: {fileID: 12800000, guid: e511b6ced1a5ffe44b098a148534a7b4, type: 3}
    m_FontSize: 36
    m_FontStyle: 1
    m_BestFit: 0
    m_MinSize: 0
    m_MaxSize: 40
    m_Alignment: 4
    m_AlignByGeometry: 0
    m_RichText: 1
    m_HorizontalOverflow: 0
    m_VerticalOverflow: 0
    m_LineSpacing: 1
  m_Text: jalgalkgda;lksgjsagljdkjlag;dkgjag;jga;gj
--- !u!222 &1160502500
CanvasRenderer:
  m_ObjectHideFlags: 0
  m_CorrespondingSourceObject: {fileID: 0}
  m_PrefabInstance: {fileID: 0}
  m_PrefabAsset: {fileID: 0}
  m_GameObject: {fileID: 1160502497}
  m_CullTransparentMesh: 0
--- !u!1 &1328001851
GameObject:
  m_ObjectHideFlags: 0
  m_CorrespondingSourceObject: {fileID: 0}
  m_PrefabInstance: {fileID: 0}
  m_PrefabAsset: {fileID: 0}
  serializedVersion: 6
  m_Component:
  - component: {fileID: 1328001852}
  - component: {fileID: 1328001853}
  m_Layer: 0
  m_Name: 9bedbe3b6c5a2fc4bacb574a340b02a2
  m_TagString: Untagged
  m_Icon: {fileID: 0}
  m_NavMeshLayer: 0
  m_StaticEditorFlags: 0
  m_IsActive: 1
--- !u!4 &1328001852
Transform:
  m_ObjectHideFlags: 0
  m_CorrespondingSourceObject: {fileID: 0}
  m_PrefabInstance: {fileID: 0}
  m_PrefabAsset: {fileID: 0}
  m_GameObject: {fileID: 1328001851}
  m_LocalRotation: {x: -0, y: -0, z: -0, w: 1}
  m_LocalPosition: {x: 0, y: 0, z: 0}
  m_LocalScale: {x: 1, y: 1, z: 1}
  m_Children: []
  m_Father: {fileID: 4378721}
  m_RootOrder: 0
  m_LocalEulerAnglesHint: {x: 0, y: 0, z: 0}
--- !u!114 &1328001853
MonoBehaviour:
  m_ObjectHideFlags: 0
  m_CorrespondingSourceObject: {fileID: 0}
  m_PrefabInstance: {fileID: 0}
  m_PrefabAsset: {fileID: 0}
  m_GameObject: {fileID: 1328001851}
  m_Enabled: 1
  m_EditorHideFlags: 0
  m_Script: {fileID: 11500000, guid: 393ba449d1ca2d84ead6595000d41c14, type: 3}
  m_Name: 
  m_EditorClassIdentifier: 
  m_Settings:
  - {fileID: 333933623}
  - {fileID: 1611942194}
--- !u!114 &1425781594 stripped
MonoBehaviour:
  m_CorrespondingSourceObject: {fileID: 8893643761307679845, guid: 55108a7a39ee9d649b95f71f0a67f5a9,
    type: 3}
  m_PrefabInstance: {fileID: 8893643759894875967}
  m_PrefabAsset: {fileID: 0}
  m_GameObject: {fileID: 32142944}
  m_Enabled: 1
  m_EditorHideFlags: 0
  m_Script: {fileID: 11500000, guid: d31fbc07f987bd94bb192416ddd3bf95, type: 3}
  m_Name: 
  m_EditorClassIdentifier: 
--- !u!1 &1592355266
GameObject:
  m_ObjectHideFlags: 0
  m_CorrespondingSourceObject: {fileID: 0}
  m_PrefabInstance: {fileID: 0}
  m_PrefabAsset: {fileID: 0}
  serializedVersion: 6
  m_Component:
  - component: {fileID: 1592355270}
  - component: {fileID: 1592355269}
  - component: {fileID: 1592355268}
  - component: {fileID: 1592355267}
  m_Layer: 5
  m_Name: WorldSpaceCanvas
  m_TagString: Untagged
  m_Icon: {fileID: 0}
  m_NavMeshLayer: 0
  m_StaticEditorFlags: 0
  m_IsActive: 1
--- !u!114 &1592355267
MonoBehaviour:
  m_ObjectHideFlags: 0
  m_CorrespondingSourceObject: {fileID: 0}
  m_PrefabInstance: {fileID: 0}
  m_PrefabAsset: {fileID: 0}
  m_GameObject: {fileID: 1592355266}
  m_Enabled: 1
  m_EditorHideFlags: 0
  m_Script: {fileID: 1301386320, guid: f70555f144d8491a825f0804e09c671c, type: 3}
  m_Name: 
  m_EditorClassIdentifier: 
  m_IgnoreReversedGraphics: 1
  m_BlockingObjects: 0
  m_BlockingMask:
    serializedVersion: 2
    m_Bits: 4294967295
--- !u!114 &1592355268
MonoBehaviour:
  m_ObjectHideFlags: 0
  m_CorrespondingSourceObject: {fileID: 0}
  m_PrefabInstance: {fileID: 0}
  m_PrefabAsset: {fileID: 0}
  m_GameObject: {fileID: 1592355266}
  m_Enabled: 1
  m_EditorHideFlags: 0
  m_Script: {fileID: 1980459831, guid: f70555f144d8491a825f0804e09c671c, type: 3}
  m_Name: 
  m_EditorClassIdentifier: 
  m_UiScaleMode: 1
  m_ReferencePixelsPerUnit: 100
  m_ScaleFactor: 1
  m_ReferenceResolution: {x: 1920, y: 1080}
  m_ScreenMatchMode: 0
  m_MatchWidthOrHeight: 0
  m_PhysicalUnit: 3
  m_FallbackScreenDPI: 96
  m_DefaultSpriteDPI: 96
  m_DynamicPixelsPerUnit: 1
--- !u!223 &1592355269
Canvas:
  m_ObjectHideFlags: 0
  m_CorrespondingSourceObject: {fileID: 0}
  m_PrefabInstance: {fileID: 0}
  m_PrefabAsset: {fileID: 0}
  m_GameObject: {fileID: 1592355266}
  m_Enabled: 1
  serializedVersion: 3
  m_RenderMode: 2
  m_Camera: {fileID: 519420031}
  m_PlaneDistance: 100
  m_PixelPerfect: 1
  m_ReceivesEvents: 1
  m_OverrideSorting: 0
  m_OverridePixelPerfect: 0
  m_SortingBucketNormalizedSize: 0
  m_AdditionalShaderChannelsFlag: 0
  m_SortingLayerID: -291316065
  m_SortingOrder: 57
  m_TargetDisplay: 0
--- !u!224 &1592355270
RectTransform:
  m_ObjectHideFlags: 0
  m_CorrespondingSourceObject: {fileID: 0}
  m_PrefabInstance: {fileID: 0}
  m_PrefabAsset: {fileID: 0}
  m_GameObject: {fileID: 1592355266}
  m_LocalRotation: {x: 0, y: 0, z: 0, w: 1}
  m_LocalPosition: {x: 0, y: 0, z: 90}
  m_LocalScale: {x: 0.013877795, y: 0.013877795, z: 0.013877795}
  m_Children:
  - {fileID: 2125703179}
  m_Father: {fileID: 0}
  m_RootOrder: 3
  m_LocalEulerAnglesHint: {x: 0, y: 0, z: 0}
  m_AnchorMin: {x: 0, y: 0}
  m_AnchorMax: {x: 0, y: 0}
  m_AnchoredPosition: {x: 0.00000023841858, y: 2.355}
  m_SizeDelta: {x: 1920, y: 1080.8633}
  m_Pivot: {x: 0.5, y: 0.5}
--- !u!114 &1611942194
MonoBehaviour:
  m_ObjectHideFlags: 0
  m_CorrespondingSourceObject: {fileID: 0}
  m_PrefabInstance: {fileID: 0}
  m_PrefabAsset: {fileID: 0}
  m_GameObject: {fileID: 0}
  m_Enabled: 1
  m_EditorHideFlags: 0
  m_Script: {fileID: 11500000, guid: c011637fb4c894c56a9178092966b5ac, type: 3}
  m_Name: bc9993b5-ea26-4232-81ef-9fad20a65994
  m_EditorClassIdentifier: 
  m_DisplayName: Animation
  m_Id: 4d1cefd7-a799-4b84-b1b3-c4ba57ca4ced
  gameObject: {fileID: 0}
  enabled: 0
  recursive: 1
  fold: 1
  bindingTypeName: []
--- !u!1001 &1755834727
PrefabInstance:
  m_ObjectHideFlags: 0
  serializedVersion: 2
  m_Modification:
    m_TransformParent: {fileID: 0}
    m_Modifications:
    - target: {fileID: 6700072937225103456, guid: 7a17d0eca4210fb4eb2ce3d57805cc45,
        type: 3}
      propertyPath: m_Name
      value: Wall (1)
      objectReference: {fileID: 0}
    - target: {fileID: 6700072937225103462, guid: 7a17d0eca4210fb4eb2ce3d57805cc45,
        type: 3}
      propertyPath: m_LocalPosition.x
      value: -15
      objectReference: {fileID: 0}
    - target: {fileID: 6700072937225103462, guid: 7a17d0eca4210fb4eb2ce3d57805cc45,
        type: 3}
      propertyPath: m_LocalPosition.y
      value: 1.89
      objectReference: {fileID: 0}
    - target: {fileID: 6700072937225103462, guid: 7a17d0eca4210fb4eb2ce3d57805cc45,
        type: 3}
      propertyPath: m_LocalPosition.z
      value: 0
      objectReference: {fileID: 0}
    - target: {fileID: 6700072937225103462, guid: 7a17d0eca4210fb4eb2ce3d57805cc45,
        type: 3}
      propertyPath: m_LocalRotation.x
      value: 0
      objectReference: {fileID: 0}
    - target: {fileID: 6700072937225103462, guid: 7a17d0eca4210fb4eb2ce3d57805cc45,
        type: 3}
      propertyPath: m_LocalRotation.y
      value: 0
      objectReference: {fileID: 0}
    - target: {fileID: 6700072937225103462, guid: 7a17d0eca4210fb4eb2ce3d57805cc45,
        type: 3}
      propertyPath: m_LocalRotation.z
      value: 0
      objectReference: {fileID: 0}
    - target: {fileID: 6700072937225103462, guid: 7a17d0eca4210fb4eb2ce3d57805cc45,
        type: 3}
      propertyPath: m_LocalRotation.w
      value: 1
      objectReference: {fileID: 0}
    - target: {fileID: 6700072937225103462, guid: 7a17d0eca4210fb4eb2ce3d57805cc45,
        type: 3}
      propertyPath: m_RootOrder
      value: 12
      objectReference: {fileID: 0}
    - target: {fileID: 6700072937225103462, guid: 7a17d0eca4210fb4eb2ce3d57805cc45,
        type: 3}
      propertyPath: m_LocalEulerAnglesHint.x
      value: 0
      objectReference: {fileID: 0}
    - target: {fileID: 6700072937225103462, guid: 7a17d0eca4210fb4eb2ce3d57805cc45,
        type: 3}
      propertyPath: m_LocalEulerAnglesHint.y
      value: 0
      objectReference: {fileID: 0}
    - target: {fileID: 6700072937225103462, guid: 7a17d0eca4210fb4eb2ce3d57805cc45,
        type: 3}
      propertyPath: m_LocalEulerAnglesHint.z
      value: 0
      objectReference: {fileID: 0}
    m_RemovedComponents: []
  m_SourcePrefab: {fileID: 100100000, guid: 7a17d0eca4210fb4eb2ce3d57805cc45, type: 3}
--- !u!1001 &1785835081
PrefabInstance:
  m_ObjectHideFlags: 0
  serializedVersion: 2
  m_Modification:
    m_TransformParent: {fileID: 0}
    m_Modifications:
    - target: {fileID: 6700072937225103456, guid: 7a17d0eca4210fb4eb2ce3d57805cc45,
        type: 3}
      propertyPath: m_Name
      value: Wall
      objectReference: {fileID: 0}
    - target: {fileID: 6700072937225103462, guid: 7a17d0eca4210fb4eb2ce3d57805cc45,
        type: 3}
      propertyPath: m_LocalPosition.x
      value: 2.2
      objectReference: {fileID: 0}
    - target: {fileID: 6700072937225103462, guid: 7a17d0eca4210fb4eb2ce3d57805cc45,
        type: 3}
      propertyPath: m_LocalPosition.y
      value: 1.89
      objectReference: {fileID: 0}
    - target: {fileID: 6700072937225103462, guid: 7a17d0eca4210fb4eb2ce3d57805cc45,
        type: 3}
      propertyPath: m_LocalPosition.z
      value: 0
      objectReference: {fileID: 0}
    - target: {fileID: 6700072937225103462, guid: 7a17d0eca4210fb4eb2ce3d57805cc45,
        type: 3}
      propertyPath: m_LocalRotation.x
      value: 0
      objectReference: {fileID: 0}
    - target: {fileID: 6700072937225103462, guid: 7a17d0eca4210fb4eb2ce3d57805cc45,
        type: 3}
      propertyPath: m_LocalRotation.y
      value: 0
      objectReference: {fileID: 0}
    - target: {fileID: 6700072937225103462, guid: 7a17d0eca4210fb4eb2ce3d57805cc45,
        type: 3}
      propertyPath: m_LocalRotation.z
      value: 0
      objectReference: {fileID: 0}
    - target: {fileID: 6700072937225103462, guid: 7a17d0eca4210fb4eb2ce3d57805cc45,
        type: 3}
      propertyPath: m_LocalRotation.w
      value: 1
      objectReference: {fileID: 0}
    - target: {fileID: 6700072937225103462, guid: 7a17d0eca4210fb4eb2ce3d57805cc45,
        type: 3}
      propertyPath: m_RootOrder
      value: 11
      objectReference: {fileID: 0}
    - target: {fileID: 6700072937225103462, guid: 7a17d0eca4210fb4eb2ce3d57805cc45,
        type: 3}
      propertyPath: m_LocalEulerAnglesHint.x
      value: 0
      objectReference: {fileID: 0}
    - target: {fileID: 6700072937225103462, guid: 7a17d0eca4210fb4eb2ce3d57805cc45,
        type: 3}
      propertyPath: m_LocalEulerAnglesHint.y
      value: 0
      objectReference: {fileID: 0}
    - target: {fileID: 6700072937225103462, guid: 7a17d0eca4210fb4eb2ce3d57805cc45,
        type: 3}
      propertyPath: m_LocalEulerAnglesHint.z
      value: 0
      objectReference: {fileID: 0}
    m_RemovedComponents: []
  m_SourcePrefab: {fileID: 100100000, guid: 7a17d0eca4210fb4eb2ce3d57805cc45, type: 3}
--- !u!1 &1885181012
GameObject:
  m_ObjectHideFlags: 0
  m_CorrespondingSourceObject: {fileID: 0}
  m_PrefabInstance: {fileID: 0}
  m_PrefabAsset: {fileID: 0}
  serializedVersion: 6
  m_Component:
  - component: {fileID: 1885181014}
  - component: {fileID: 1885181013}
  m_Layer: 0
  m_Name: floor2
  m_TagString: Untagged
  m_Icon: {fileID: 0}
  m_NavMeshLayer: 0
  m_StaticEditorFlags: 0
  m_IsActive: 1
--- !u!212 &1885181013
SpriteRenderer:
  m_ObjectHideFlags: 0
  m_CorrespondingSourceObject: {fileID: 0}
  m_PrefabInstance: {fileID: 0}
  m_PrefabAsset: {fileID: 0}
  m_GameObject: {fileID: 1885181012}
  m_Enabled: 1
  m_CastShadows: 0
  m_ReceiveShadows: 0
  m_DynamicOccludee: 1
  m_MotionVectors: 1
  m_LightProbeUsage: 1
  m_ReflectionProbeUsage: 1
  m_RenderingLayerMask: 1
  m_RendererPriority: 0
  m_Materials:
  - {fileID: 10754, guid: 0000000000000000f000000000000000, type: 0}
  m_StaticBatchInfo:
    firstSubMesh: 0
    subMeshCount: 0
  m_StaticBatchRoot: {fileID: 0}
  m_ProbeAnchor: {fileID: 0}
  m_LightProbeVolumeOverride: {fileID: 0}
  m_ScaleInLightmap: 1
  m_PreserveUVs: 0
  m_IgnoreNormalsForChartDetection: 0
  m_ImportantGI: 0
  m_StitchLightmapSeams: 0
  m_SelectedEditorRenderState: 0
  m_MinimumChartSize: 4
  m_AutoUVMaxDistance: 0.5
  m_AutoUVMaxAngle: 89
  m_LightmapParameters: {fileID: 0}
  m_SortingLayerID: 0
  m_SortingLayer: 0
  m_SortingOrder: -62
  m_Sprite: {fileID: 21300000, guid: 393966899ce074b419203458f6e07d15, type: 3}
  m_Color: {r: 1, g: 1, b: 1, a: 1}
  m_FlipX: 0
  m_FlipY: 0
  m_DrawMode: 0
  m_Size: {x: 64.799995, y: 30.929998}
  m_AdaptiveModeThreshold: 0.5
  m_SpriteTileMode: 0
  m_WasSpriteAssigned: 1
  m_MaskInteraction: 0
  m_SpriteSortPoint: 0
--- !u!4 &1885181014
Transform:
  m_ObjectHideFlags: 0
  m_CorrespondingSourceObject: {fileID: 0}
  m_PrefabInstance: {fileID: 0}
  m_PrefabAsset: {fileID: 0}
  m_GameObject: {fileID: 1885181012}
  m_LocalRotation: {x: 0, y: 0, z: 0, w: 1}
  m_LocalPosition: {x: -5.9, y: 1.6, z: 0}
  m_LocalScale: {x: 1, y: 1, z: 1}
  m_Children: []
  m_Father: {fileID: 0}
  m_RootOrder: 10
  m_LocalEulerAnglesHint: {x: 0, y: 0, z: 0}
--- !u!1 &1917995728
GameObject:
  m_ObjectHideFlags: 0
  m_CorrespondingSourceObject: {fileID: 0}
  m_PrefabInstance: {fileID: 0}
  m_PrefabAsset: {fileID: 0}
  serializedVersion: 6
  m_Component:
  - component: {fileID: 1917995731}
  - component: {fileID: 1917995730}
  - component: {fileID: 1917995729}
  m_Layer: 0
  m_Name: Office2
  m_TagString: Untagged
  m_Icon: {fileID: 0}
  m_NavMeshLayer: 0
  m_StaticEditorFlags: 0
  m_IsActive: 1
--- !u!61 &1917995729
BoxCollider2D:
  m_ObjectHideFlags: 0
  m_CorrespondingSourceObject: {fileID: 0}
  m_PrefabInstance: {fileID: 0}
  m_PrefabAsset: {fileID: 0}
  m_GameObject: {fileID: 1917995728}
  m_Enabled: 1
  m_Density: 1
  m_Material: {fileID: 0}
  m_IsTrigger: 1
  m_UsedByEffector: 0
  m_UsedByComposite: 0
  m_Offset: {x: 0, y: 0}
  m_SpriteTilingProperty:
    border: {x: 0, y: 0, z: 0, w: 0}
    pivot: {x: 0, y: 0}
    oldSize: {x: 0, y: 0}
    newSize: {x: 0, y: 0}
    adaptiveTilingThreshold: 0
    drawMode: 0
    adaptiveTiling: 0
  m_AutoTiling: 0
  serializedVersion: 2
  m_Size: {x: 1, y: 1}
  m_EdgeRadius: 0
--- !u!114 &1917995730
MonoBehaviour:
  m_ObjectHideFlags: 0
  m_CorrespondingSourceObject: {fileID: 0}
  m_PrefabInstance: {fileID: 0}
  m_PrefabAsset: {fileID: 0}
  m_GameObject: {fileID: 1917995728}
  m_Enabled: 1
  m_EditorHideFlags: 0
  m_Script: {fileID: 11500000, guid: 035b373b9a36d9f49a8a2e8eadcacc60, type: 3}
  m_Name: 
  m_EditorClassIdentifier: 
  connectedScene: Office2
--- !u!4 &1917995731
Transform:
  m_ObjectHideFlags: 0
  m_CorrespondingSourceObject: {fileID: 0}
  m_PrefabInstance: {fileID: 0}
  m_PrefabAsset: {fileID: 0}
  m_GameObject: {fileID: 1917995728}
  m_LocalRotation: {x: -0, y: -0, z: -0, w: 1}
  m_LocalPosition: {x: -5.8395247, y: 0.9633299, z: 740.50275}
  m_LocalScale: {x: 1, y: 3.4625, z: 1}
  m_Children: []
  m_Father: {fileID: 1019528543}
  m_RootOrder: 0
  m_LocalEulerAnglesHint: {x: 0, y: 0, z: 0}
--- !u!1 &1998712671
GameObject:
  m_ObjectHideFlags: 0
  m_CorrespondingSourceObject: {fileID: 0}
  m_PrefabInstance: {fileID: 0}
  m_PrefabAsset: {fileID: 0}
  serializedVersion: 6
  m_Component:
  - component: {fileID: 1998712672}
  m_Layer: 0
  m_Name: RecordingSessions
  m_TagString: Untagged
  m_Icon: {fileID: 0}
  m_NavMeshLayer: 0
  m_StaticEditorFlags: 0
  m_IsActive: 1
--- !u!4 &1998712672
Transform:
  m_ObjectHideFlags: 0
  m_CorrespondingSourceObject: {fileID: 0}
  m_PrefabInstance: {fileID: 0}
  m_PrefabAsset: {fileID: 0}
  m_GameObject: {fileID: 1998712671}
  m_LocalRotation: {x: -0, y: -0, z: -0, w: 1}
  m_LocalPosition: {x: 0, y: 0, z: 0}
  m_LocalScale: {x: 1, y: 1, z: 1}
  m_Children: []
  m_Father: {fileID: 544446810}
  m_RootOrder: 1
  m_LocalEulerAnglesHint: {x: 0, y: 0, z: 0}
--- !u!114 &2028268816 stripped
MonoBehaviour:
  m_CorrespondingSourceObject: {fileID: 515058447234852097, guid: d82a533ac130e3449ab2eeb82d46c47d,
    type: 3}
  m_PrefabInstance: {fileID: 515058446817265681}
  m_PrefabAsset: {fileID: 0}
  m_GameObject: {fileID: 0}
  m_Enabled: 1
  m_EditorHideFlags: 0
  m_Script: {fileID: 11500000, guid: db8bd7f4b7e63cd4abe4a2fed89f10c5, type: 3}
  m_Name: 
  m_EditorClassIdentifier: 
--- !u!1 &2055410521 stripped
GameObject:
  m_CorrespondingSourceObject: {fileID: 7481070404202510320, guid: 6e4240ff0f1ccf94eacd534a5259f477,
    type: 3}
  m_PrefabInstance: {fileID: 7481070402701010089}
  m_PrefabAsset: {fileID: 0}
--- !u!114 &2055410524 stripped
MonoBehaviour:
  m_CorrespondingSourceObject: {fileID: 7481070404202510325, guid: 6e4240ff0f1ccf94eacd534a5259f477,
    type: 3}
  m_PrefabInstance: {fileID: 7481070402701010089}
  m_PrefabAsset: {fileID: 0}
  m_GameObject: {fileID: 2055410521}
  m_Enabled: 1
  m_EditorHideFlags: 0
  m_Script: {fileID: 11500000, guid: f1dff9be9f46d734da97b505e1691f7b, type: 3}
  m_Name: 
  m_EditorClassIdentifier: 
--- !u!4 &2055410525 stripped
Transform:
  m_CorrespondingSourceObject: {fileID: 7481070404202510324, guid: 6e4240ff0f1ccf94eacd534a5259f477,
    type: 3}
  m_PrefabInstance: {fileID: 7481070402701010089}
  m_PrefabAsset: {fileID: 0}
--- !u!1 &2125703178
GameObject:
  m_ObjectHideFlags: 0
  m_CorrespondingSourceObject: {fileID: 0}
  m_PrefabInstance: {fileID: 0}
  m_PrefabAsset: {fileID: 0}
  serializedVersion: 6
  m_Component:
  - component: {fileID: 2125703179}
  - component: {fileID: 2125703182}
  - component: {fileID: 2125703181}
  - component: {fileID: 2125703180}
  - component: {fileID: 2125703183}
  - component: {fileID: 2125703184}
  m_Layer: 5
  m_Name: PlayerThoughtBubble
  m_TagString: Player
  m_Icon: {fileID: 0}
  m_NavMeshLayer: 0
  m_StaticEditorFlags: 0
  m_IsActive: 1
--- !u!224 &2125703179
RectTransform:
  m_ObjectHideFlags: 0
  m_CorrespondingSourceObject: {fileID: 0}
  m_PrefabInstance: {fileID: 0}
  m_PrefabAsset: {fileID: 0}
  m_GameObject: {fileID: 2125703178}
  m_LocalRotation: {x: 0, y: 0, z: 0, w: 1}
  m_LocalPosition: {x: 0, y: 0, z: 0}
  m_LocalScale: {x: 1, y: 1, z: 1}
  m_Children:
  - {fileID: 1160502498}
  m_Father: {fileID: 1592355270}
  m_RootOrder: 0
  m_LocalEulerAnglesHint: {x: 0, y: 0, z: 0}
  m_AnchorMin: {x: 0.5, y: 0.5}
  m_AnchorMax: {x: 0.5, y: 0.5}
  m_AnchoredPosition: {x: -660, y: 0}
  m_SizeDelta: {x: 385.6, y: 192.32}
  m_Pivot: {x: 0.5, y: 0.5}
--- !u!114 &2125703180
MonoBehaviour:
  m_ObjectHideFlags: 0
  m_CorrespondingSourceObject: {fileID: 0}
  m_PrefabInstance: {fileID: 0}
  m_PrefabAsset: {fileID: 0}
  m_GameObject: {fileID: 2125703178}
  m_Enabled: 1
  m_EditorHideFlags: 0
  m_Script: {fileID: -765806418, guid: f70555f144d8491a825f0804e09c671c, type: 3}
  m_Name: 
  m_EditorClassIdentifier: 
  m_Material: {fileID: 0}
  m_Color: {r: 1, g: 1, b: 1, a: 1}
  m_RaycastTarget: 1
  m_OnCullStateChanged:
    m_PersistentCalls:
      m_Calls: []
    m_TypeName: UnityEngine.UI.MaskableGraphic+CullStateChangedEvent, UnityEngine.UI,
      Version=1.0.0.0, Culture=neutral, PublicKeyToken=null
  m_Sprite: {fileID: 21300000, guid: 785d2124beb72214d96c5c1b7d7e892e, type: 3}
  m_Type: 0
  m_PreserveAspect: 0
  m_FillCenter: 1
  m_FillMethod: 4
  m_FillAmount: 1
  m_FillClockwise: 1
  m_FillOrigin: 0
  m_UseSpriteMesh: 0
--- !u!222 &2125703181
CanvasRenderer:
  m_ObjectHideFlags: 0
  m_CorrespondingSourceObject: {fileID: 0}
  m_PrefabInstance: {fileID: 0}
  m_PrefabAsset: {fileID: 0}
  m_GameObject: {fileID: 2125703178}
  m_CullTransparentMesh: 0
--- !u!114 &2125703182
MonoBehaviour:
  m_ObjectHideFlags: 0
  m_CorrespondingSourceObject: {fileID: 0}
  m_PrefabInstance: {fileID: 0}
  m_PrefabAsset: {fileID: 0}
  m_GameObject: {fileID: 2125703178}
  m_Enabled: 1
  m_EditorHideFlags: 0
  m_Script: {fileID: 11500000, guid: afc5c5e18c2768d40b6c37a83898d977, type: 3}
  m_Name: 
  m_EditorClassIdentifier: 
  xOffset: 0
  yOffset: 3
  target: {fileID: 2055410521}
--- !u!95 &2125703183
Animator:
  serializedVersion: 3
  m_ObjectHideFlags: 0
  m_CorrespondingSourceObject: {fileID: 0}
  m_PrefabInstance: {fileID: 0}
  m_PrefabAsset: {fileID: 0}
  m_GameObject: {fileID: 2125703178}
  m_Enabled: 1
  m_Avatar: {fileID: 0}
  m_Controller: {fileID: 9100000, guid: 33947ad9ba312f341a1dcb76e2f57c0f, type: 2}
  m_CullingMode: 0
  m_UpdateMode: 0
  m_ApplyRootMotion: 0
  m_LinearVelocityBlending: 0
  m_WarningMessage: 
  m_HasTransformHierarchy: 1
  m_AllowConstantClipSamplingOptimization: 1
  m_KeepAnimatorControllerStateOnDisable: 0
--- !u!114 &2125703184
MonoBehaviour:
  m_ObjectHideFlags: 0
  m_CorrespondingSourceObject: {fileID: 0}
  m_PrefabInstance: {fileID: 0}
  m_PrefabAsset: {fileID: 0}
  m_GameObject: {fileID: 2125703178}
  m_Enabled: 1
  m_EditorHideFlags: 0
  m_Script: {fileID: 11500000, guid: 101bda4575b6ef94a8e7f46a9c9cc9b0, type: 3}
  m_Name: 
  m_EditorClassIdentifier: 
  disableBubble: {fileID: 11400000, guid: 3ae85a53564c4744db5a2ad2f31e3aab, type: 2}
  nameText: {fileID: 0}
  dialogueText: {fileID: 1160502499}
  currentSentence: 
  textDelay: 0.025
  timeActive: 4
  countdown: 0
  isTyping: 0
--- !u!114 &2127142844 stripped
MonoBehaviour:
  m_CorrespondingSourceObject: {fileID: 7481070404139170581, guid: 6e4240ff0f1ccf94eacd534a5259f477,
    type: 3}
  m_PrefabInstance: {fileID: 7481070402701010089}
  m_PrefabAsset: {fileID: 0}
  m_GameObject: {fileID: 0}
  m_Enabled: 1
  m_EditorHideFlags: 0
  m_Script: {fileID: 11500000, guid: 875c6c6fbf450144dbeb1fc03de721f0, type: 3}
  m_Name: 
  m_EditorClassIdentifier: 
--- !u!114 &2132814368 stripped
MonoBehaviour:
  m_CorrespondingSourceObject: {fileID: 7481070404158525065, guid: 6e4240ff0f1ccf94eacd534a5259f477,
    type: 3}
  m_PrefabInstance: {fileID: 7481070402701010089}
  m_PrefabAsset: {fileID: 0}
  m_GameObject: {fileID: 0}
  m_Enabled: 1
  m_EditorHideFlags: 0
  m_Script: {fileID: 11500000, guid: 875c6c6fbf450144dbeb1fc03de721f0, type: 3}
  m_Name: 
  m_EditorClassIdentifier: 
--- !u!1001 &515058446817265681
PrefabInstance:
  m_ObjectHideFlags: 0
  serializedVersion: 2
  m_Modification:
    m_TransformParent: {fileID: 0}
    m_Modifications:
    - target: {fileID: 515058447234852126, guid: d82a533ac130e3449ab2eeb82d46c47d,
        type: 3}
      propertyPath: m_Name
      value: GameManager
      objectReference: {fileID: 0}
    - target: {fileID: 515058447234852096, guid: d82a533ac130e3449ab2eeb82d46c47d,
        type: 3}
      propertyPath: m_LocalPosition.x
      value: 0
      objectReference: {fileID: 0}
    - target: {fileID: 515058447234852096, guid: d82a533ac130e3449ab2eeb82d46c47d,
        type: 3}
      propertyPath: m_LocalPosition.y
      value: 0
      objectReference: {fileID: 0}
    - target: {fileID: 515058447234852096, guid: d82a533ac130e3449ab2eeb82d46c47d,
        type: 3}
      propertyPath: m_LocalPosition.z
      value: 0
      objectReference: {fileID: 0}
    - target: {fileID: 515058447234852096, guid: d82a533ac130e3449ab2eeb82d46c47d,
        type: 3}
      propertyPath: m_LocalRotation.x
      value: 0
      objectReference: {fileID: 0}
    - target: {fileID: 515058447234852096, guid: d82a533ac130e3449ab2eeb82d46c47d,
        type: 3}
      propertyPath: m_LocalRotation.y
      value: 0
      objectReference: {fileID: 0}
    - target: {fileID: 515058447234852096, guid: d82a533ac130e3449ab2eeb82d46c47d,
        type: 3}
      propertyPath: m_LocalRotation.z
      value: 0
      objectReference: {fileID: 0}
    - target: {fileID: 515058447234852096, guid: d82a533ac130e3449ab2eeb82d46c47d,
        type: 3}
      propertyPath: m_LocalRotation.w
      value: 1
      objectReference: {fileID: 0}
    - target: {fileID: 515058447234852096, guid: d82a533ac130e3449ab2eeb82d46c47d,
        type: 3}
      propertyPath: m_RootOrder
      value: 9
      objectReference: {fileID: 0}
    - target: {fileID: 515058447234852096, guid: d82a533ac130e3449ab2eeb82d46c47d,
        type: 3}
      propertyPath: m_LocalEulerAnglesHint.x
      value: 0
      objectReference: {fileID: 0}
    - target: {fileID: 515058447234852096, guid: d82a533ac130e3449ab2eeb82d46c47d,
        type: 3}
      propertyPath: m_LocalEulerAnglesHint.y
      value: 0
      objectReference: {fileID: 0}
    - target: {fileID: 515058447234852096, guid: d82a533ac130e3449ab2eeb82d46c47d,
        type: 3}
      propertyPath: m_LocalEulerAnglesHint.z
      value: 0
      objectReference: {fileID: 0}
    - target: {fileID: 1372013709, guid: d82a533ac130e3449ab2eeb82d46c47d, type: 3}
      propertyPath: target
      value: 
      objectReference: {fileID: 32142944}
    m_RemovedComponents: []
  m_SourcePrefab: {fileID: 100100000, guid: d82a533ac130e3449ab2eeb82d46c47d, type: 3}
--- !u!1001 &3244819466770625684
PrefabInstance:
  m_ObjectHideFlags: 0
  serializedVersion: 2
  m_Modification:
    m_TransformParent: {fileID: 0}
    m_Modifications:
    - target: {fileID: 3244819465399413709, guid: f152df87311af5348a9ae5ebf1bd4df2,
        type: 3}
      propertyPath: m_Name
      value: GameEventListeners
      objectReference: {fileID: 0}
    - target: {fileID: 3244819465399413711, guid: f152df87311af5348a9ae5ebf1bd4df2,
        type: 3}
      propertyPath: m_LocalPosition.x
      value: 0.8217007
      objectReference: {fileID: 0}
    - target: {fileID: 3244819465399413711, guid: f152df87311af5348a9ae5ebf1bd4df2,
        type: 3}
      propertyPath: m_LocalPosition.y
      value: -1.2722143
      objectReference: {fileID: 0}
    - target: {fileID: 3244819465399413711, guid: f152df87311af5348a9ae5ebf1bd4df2,
        type: 3}
      propertyPath: m_LocalPosition.z
      value: 0.28901255
      objectReference: {fileID: 0}
    - target: {fileID: 3244819465399413711, guid: f152df87311af5348a9ae5ebf1bd4df2,
        type: 3}
      propertyPath: m_LocalRotation.x
      value: 0
      objectReference: {fileID: 0}
    - target: {fileID: 3244819465399413711, guid: f152df87311af5348a9ae5ebf1bd4df2,
        type: 3}
      propertyPath: m_LocalRotation.y
      value: 0
      objectReference: {fileID: 0}
    - target: {fileID: 3244819465399413711, guid: f152df87311af5348a9ae5ebf1bd4df2,
        type: 3}
      propertyPath: m_LocalRotation.z
      value: 0
      objectReference: {fileID: 0}
    - target: {fileID: 3244819465399413711, guid: f152df87311af5348a9ae5ebf1bd4df2,
        type: 3}
      propertyPath: m_LocalRotation.w
      value: 1
      objectReference: {fileID: 0}
    - target: {fileID: 3244819465399413711, guid: f152df87311af5348a9ae5ebf1bd4df2,
        type: 3}
      propertyPath: m_RootOrder
      value: 2
      objectReference: {fileID: 0}
    - target: {fileID: 3244819465399413711, guid: f152df87311af5348a9ae5ebf1bd4df2,
        type: 3}
      propertyPath: m_LocalEulerAnglesHint.x
      value: 0
      objectReference: {fileID: 0}
    - target: {fileID: 3244819465399413711, guid: f152df87311af5348a9ae5ebf1bd4df2,
        type: 3}
      propertyPath: m_LocalEulerAnglesHint.y
      value: 0
      objectReference: {fileID: 0}
    - target: {fileID: 3244819465399413711, guid: f152df87311af5348a9ae5ebf1bd4df2,
        type: 3}
      propertyPath: m_LocalEulerAnglesHint.z
      value: 0
      objectReference: {fileID: 0}
    - target: {fileID: 3244819465399413710, guid: f152df87311af5348a9ae5ebf1bd4df2,
        type: 3}
      propertyPath: Response.m_PersistentCalls.m_Calls.Array.data[0].m_Target
      value: 
      objectReference: {fileID: 1425781594}
    - target: {fileID: 3244819465399413705, guid: f152df87311af5348a9ae5ebf1bd4df2,
        type: 3}
      propertyPath: Response.m_PersistentCalls.m_Calls.Array.data[0].m_Target
      value: 
      objectReference: {fileID: 2125703184}
    - target: {fileID: 3244819465399413704, guid: f152df87311af5348a9ae5ebf1bd4df2,
        type: 3}
      propertyPath: Response.m_PersistentCalls.m_Calls.Array.data[0].m_Target
      value: 
      objectReference: {fileID: 2125703184}
    - target: {fileID: 3244819465399413706, guid: f152df87311af5348a9ae5ebf1bd4df2,
        type: 3}
      propertyPath: Response.m_PersistentCalls.m_Calls.Array.data[0].m_Target
      value: 
      objectReference: {fileID: 850338778}
    - target: {fileID: 3244819465399413707, guid: f152df87311af5348a9ae5ebf1bd4df2,
        type: 3}
      propertyPath: Response.m_PersistentCalls.m_Calls.Array.data[0].m_Target
      value: 
      objectReference: {fileID: 2055410524}
    - target: {fileID: 3244819465399413707, guid: f152df87311af5348a9ae5ebf1bd4df2,
        type: 3}
      propertyPath: Response.m_PersistentCalls.m_Calls.Array.data[1].m_Target
      value: 
      objectReference: {fileID: 2028268816}
    - target: {fileID: 3244819465399413707, guid: f152df87311af5348a9ae5ebf1bd4df2,
        type: 3}
      propertyPath: Response.m_PersistentCalls.m_Calls.Array.data[2].m_Target
      value: 
      objectReference: {fileID: 2127142844}
    - target: {fileID: 3244819465399413748, guid: f152df87311af5348a9ae5ebf1bd4df2,
        type: 3}
      propertyPath: Response.m_PersistentCalls.m_Calls.Array.data[0].m_Target
      value: 
      objectReference: {fileID: 2132814368}
    m_RemovedComponents: []
  m_SourcePrefab: {fileID: 100100000, guid: f152df87311af5348a9ae5ebf1bd4df2, type: 3}
--- !u!1001 &4425684395477445483
PrefabInstance:
  m_ObjectHideFlags: 0
  serializedVersion: 2
  m_Modification:
    m_TransformParent: {fileID: 0}
    m_Modifications:
    - target: {fileID: 4425684393861969969, guid: ae9e753b74d22d847a095c7dac1dfc5d,
        type: 3}
      propertyPath: m_Name
      value: EventSystem
      objectReference: {fileID: 0}
    - target: {fileID: 4425684393861969974, guid: ae9e753b74d22d847a095c7dac1dfc5d,
        type: 3}
      propertyPath: m_LocalPosition.x
      value: 0
      objectReference: {fileID: 0}
    - target: {fileID: 4425684393861969974, guid: ae9e753b74d22d847a095c7dac1dfc5d,
        type: 3}
      propertyPath: m_LocalPosition.y
      value: 0
      objectReference: {fileID: 0}
    - target: {fileID: 4425684393861969974, guid: ae9e753b74d22d847a095c7dac1dfc5d,
        type: 3}
      propertyPath: m_LocalPosition.z
      value: 0
      objectReference: {fileID: 0}
    - target: {fileID: 4425684393861969974, guid: ae9e753b74d22d847a095c7dac1dfc5d,
        type: 3}
      propertyPath: m_LocalRotation.x
      value: 0
      objectReference: {fileID: 0}
    - target: {fileID: 4425684393861969974, guid: ae9e753b74d22d847a095c7dac1dfc5d,
        type: 3}
      propertyPath: m_LocalRotation.y
      value: 0
      objectReference: {fileID: 0}
    - target: {fileID: 4425684393861969974, guid: ae9e753b74d22d847a095c7dac1dfc5d,
        type: 3}
      propertyPath: m_LocalRotation.z
      value: 0
      objectReference: {fileID: 0}
    - target: {fileID: 4425684393861969974, guid: ae9e753b74d22d847a095c7dac1dfc5d,
        type: 3}
      propertyPath: m_LocalRotation.w
      value: 1
      objectReference: {fileID: 0}
    - target: {fileID: 4425684393861969974, guid: ae9e753b74d22d847a095c7dac1dfc5d,
        type: 3}
      propertyPath: m_RootOrder
      value: 4
      objectReference: {fileID: 0}
    - target: {fileID: 4425684393861969974, guid: ae9e753b74d22d847a095c7dac1dfc5d,
        type: 3}
      propertyPath: m_LocalEulerAnglesHint.x
      value: 0
      objectReference: {fileID: 0}
    - target: {fileID: 4425684393861969974, guid: ae9e753b74d22d847a095c7dac1dfc5d,
        type: 3}
      propertyPath: m_LocalEulerAnglesHint.y
      value: 0
      objectReference: {fileID: 0}
    - target: {fileID: 4425684393861969974, guid: ae9e753b74d22d847a095c7dac1dfc5d,
        type: 3}
      propertyPath: m_LocalEulerAnglesHint.z
      value: 0
      objectReference: {fileID: 0}
    m_RemovedComponents: []
  m_SourcePrefab: {fileID: 100100000, guid: ae9e753b74d22d847a095c7dac1dfc5d, type: 3}
--- !u!1001 &6721200322394295016
PrefabInstance:
  m_ObjectHideFlags: 0
  serializedVersion: 2
  m_Modification:
    m_TransformParent: {fileID: 0}
    m_Modifications:
    - target: {fileID: 6721200322023843828, guid: 6f0db418ce77c374c9612037c3912ab1,
        type: 3}
      propertyPath: m_Name
      value: Canvas
      objectReference: {fileID: 0}
    - target: {fileID: 6721200322023843784, guid: 6f0db418ce77c374c9612037c3912ab1,
        type: 3}
      propertyPath: m_LocalPosition.x
      value: 0
      objectReference: {fileID: 0}
    - target: {fileID: 6721200322023843784, guid: 6f0db418ce77c374c9612037c3912ab1,
        type: 3}
      propertyPath: m_LocalPosition.y
      value: 0
      objectReference: {fileID: 0}
    - target: {fileID: 6721200322023843784, guid: 6f0db418ce77c374c9612037c3912ab1,
        type: 3}
      propertyPath: m_LocalPosition.z
      value: 0
      objectReference: {fileID: 0}
    - target: {fileID: 6721200322023843784, guid: 6f0db418ce77c374c9612037c3912ab1,
        type: 3}
      propertyPath: m_LocalRotation.x
      value: 0
      objectReference: {fileID: 0}
    - target: {fileID: 6721200322023843784, guid: 6f0db418ce77c374c9612037c3912ab1,
        type: 3}
      propertyPath: m_LocalRotation.y
      value: 0
      objectReference: {fileID: 0}
    - target: {fileID: 6721200322023843784, guid: 6f0db418ce77c374c9612037c3912ab1,
        type: 3}
      propertyPath: m_LocalRotation.z
      value: 0
      objectReference: {fileID: 0}
    - target: {fileID: 6721200322023843784, guid: 6f0db418ce77c374c9612037c3912ab1,
        type: 3}
      propertyPath: m_LocalRotation.w
      value: 1
      objectReference: {fileID: 0}
    - target: {fileID: 6721200322023843784, guid: 6f0db418ce77c374c9612037c3912ab1,
        type: 3}
      propertyPath: m_RootOrder
      value: 1
      objectReference: {fileID: 0}
    - target: {fileID: 6721200322023843784, guid: 6f0db418ce77c374c9612037c3912ab1,
        type: 3}
      propertyPath: m_LocalEulerAnglesHint.x
      value: 0
      objectReference: {fileID: 0}
    - target: {fileID: 6721200322023843784, guid: 6f0db418ce77c374c9612037c3912ab1,
        type: 3}
      propertyPath: m_LocalEulerAnglesHint.y
      value: 0
      objectReference: {fileID: 0}
    - target: {fileID: 6721200322023843784, guid: 6f0db418ce77c374c9612037c3912ab1,
        type: 3}
      propertyPath: m_LocalEulerAnglesHint.z
      value: 0
      objectReference: {fileID: 0}
    - target: {fileID: 6721200322023843784, guid: 6f0db418ce77c374c9612037c3912ab1,
        type: 3}
      propertyPath: m_AnchoredPosition.x
      value: 0
      objectReference: {fileID: 0}
    - target: {fileID: 6721200322023843784, guid: 6f0db418ce77c374c9612037c3912ab1,
        type: 3}
      propertyPath: m_AnchoredPosition.y
      value: 0
      objectReference: {fileID: 0}
    - target: {fileID: 6721200322023843784, guid: 6f0db418ce77c374c9612037c3912ab1,
        type: 3}
      propertyPath: m_SizeDelta.x
      value: 0
      objectReference: {fileID: 0}
    - target: {fileID: 6721200322023843784, guid: 6f0db418ce77c374c9612037c3912ab1,
        type: 3}
      propertyPath: m_SizeDelta.y
      value: 0
      objectReference: {fileID: 0}
    - target: {fileID: 6721200322023843784, guid: 6f0db418ce77c374c9612037c3912ab1,
        type: 3}
      propertyPath: m_AnchorMin.x
      value: 0
      objectReference: {fileID: 0}
    - target: {fileID: 6721200322023843784, guid: 6f0db418ce77c374c9612037c3912ab1,
        type: 3}
      propertyPath: m_AnchorMin.y
      value: 0
      objectReference: {fileID: 0}
    - target: {fileID: 6721200322023843784, guid: 6f0db418ce77c374c9612037c3912ab1,
        type: 3}
      propertyPath: m_AnchorMax.x
      value: 0
      objectReference: {fileID: 0}
    - target: {fileID: 6721200322023843784, guid: 6f0db418ce77c374c9612037c3912ab1,
        type: 3}
      propertyPath: m_AnchorMax.y
      value: 0
      objectReference: {fileID: 0}
    - target: {fileID: 6721200322023843784, guid: 6f0db418ce77c374c9612037c3912ab1,
        type: 3}
      propertyPath: m_Pivot.x
      value: 0
      objectReference: {fileID: 0}
    - target: {fileID: 6721200322023843784, guid: 6f0db418ce77c374c9612037c3912ab1,
        type: 3}
      propertyPath: m_Pivot.y
      value: 0
      objectReference: {fileID: 0}
    - target: {fileID: 6721200322023843831, guid: 6f0db418ce77c374c9612037c3912ab1,
        type: 3}
      propertyPath: m_Camera
      value: 
      objectReference: {fileID: 519420031}
    m_RemovedComponents: []
  m_SourcePrefab: {fileID: 100100000, guid: 6f0db418ce77c374c9612037c3912ab1, type: 3}
--- !u!1001 &6770270165973634355
PrefabInstance:
  m_ObjectHideFlags: 0
  serializedVersion: 2
  m_Modification:
    m_TransformParent: {fileID: 0}
    m_Modifications:
    - target: {fileID: 6770270165557988955, guid: 5115e164ceddb134a9e610f04e410d20,
        type: 3}
      propertyPath: m_Name
      value: Ground
      objectReference: {fileID: 0}
    - target: {fileID: 6770270165557988952, guid: 5115e164ceddb134a9e610f04e410d20,
        type: 3}
      propertyPath: m_LocalPosition.x
      value: -7.643
      objectReference: {fileID: 0}
    - target: {fileID: 6770270165557988952, guid: 5115e164ceddb134a9e610f04e410d20,
        type: 3}
      propertyPath: m_LocalPosition.y
      value: -3.88
      objectReference: {fileID: 0}
    - target: {fileID: 6770270165557988952, guid: 5115e164ceddb134a9e610f04e410d20,
        type: 3}
      propertyPath: m_LocalPosition.z
      value: 0
      objectReference: {fileID: 0}
    - target: {fileID: 6770270165557988952, guid: 5115e164ceddb134a9e610f04e410d20,
        type: 3}
      propertyPath: m_LocalRotation.x
      value: 0
      objectReference: {fileID: 0}
    - target: {fileID: 6770270165557988952, guid: 5115e164ceddb134a9e610f04e410d20,
        type: 3}
      propertyPath: m_LocalRotation.y
      value: 0
      objectReference: {fileID: 0}
    - target: {fileID: 6770270165557988952, guid: 5115e164ceddb134a9e610f04e410d20,
        type: 3}
      propertyPath: m_LocalRotation.z
      value: 0
      objectReference: {fileID: 0}
    - target: {fileID: 6770270165557988952, guid: 5115e164ceddb134a9e610f04e410d20,
        type: 3}
      propertyPath: m_LocalRotation.w
      value: 1
      objectReference: {fileID: 0}
    - target: {fileID: 6770270165557988952, guid: 5115e164ceddb134a9e610f04e410d20,
        type: 3}
      propertyPath: m_RootOrder
      value: 5
      objectReference: {fileID: 0}
    - target: {fileID: 6770270165557988952, guid: 5115e164ceddb134a9e610f04e410d20,
        type: 3}
      propertyPath: m_LocalEulerAnglesHint.x
      value: 0
      objectReference: {fileID: 0}
    - target: {fileID: 6770270165557988952, guid: 5115e164ceddb134a9e610f04e410d20,
        type: 3}
      propertyPath: m_LocalEulerAnglesHint.y
      value: 0
      objectReference: {fileID: 0}
    - target: {fileID: 6770270165557988952, guid: 5115e164ceddb134a9e610f04e410d20,
        type: 3}
      propertyPath: m_LocalEulerAnglesHint.z
      value: 0
      objectReference: {fileID: 0}
    - target: {fileID: 6770270165557988952, guid: 5115e164ceddb134a9e610f04e410d20,
        type: 3}
      propertyPath: m_LocalScale.x
      value: 1.796
      objectReference: {fileID: 0}
    - target: {fileID: 6770270165557988953, guid: 5115e164ceddb134a9e610f04e410d20,
        type: 3}
      propertyPath: m_Enabled
      value: 0
      objectReference: {fileID: 0}
    m_RemovedComponents: []
  m_SourcePrefab: {fileID: 100100000, guid: 5115e164ceddb134a9e610f04e410d20, type: 3}
--- !u!1001 &7481070402701010089
PrefabInstance:
  m_ObjectHideFlags: 0
  serializedVersion: 2
  m_Modification:
    m_TransformParent: {fileID: 0}
    m_Modifications:
    - target: {fileID: 7481070404202510320, guid: 6e4240ff0f1ccf94eacd534a5259f477,
        type: 3}
      propertyPath: m_Name
      value: Blob2
      objectReference: {fileID: 0}
    - target: {fileID: 7481070402991654771, guid: 6e4240ff0f1ccf94eacd534a5259f477,
        type: 3}
      propertyPath: theBubble
      value: 
      objectReference: {fileID: 2125703184}
    - target: {fileID: 7481070404202510325, guid: 6e4240ff0f1ccf94eacd534a5259f477,
        type: 3}
      propertyPath: canMorph
      value: 0
      objectReference: {fileID: 0}
    - target: {fileID: 7481070404202510324, guid: 6e4240ff0f1ccf94eacd534a5259f477,
        type: 3}
      propertyPath: m_LocalPosition.x
      value: -8.11
      objectReference: {fileID: 0}
    - target: {fileID: 7481070404202510324, guid: 6e4240ff0f1ccf94eacd534a5259f477,
        type: 3}
      propertyPath: m_LocalPosition.y
      value: -1.31
      objectReference: {fileID: 0}
    - target: {fileID: 7481070404202510324, guid: 6e4240ff0f1ccf94eacd534a5259f477,
        type: 3}
      propertyPath: m_LocalPosition.z
      value: 0
      objectReference: {fileID: 0}
    - target: {fileID: 7481070404202510324, guid: 6e4240ff0f1ccf94eacd534a5259f477,
        type: 3}
      propertyPath: m_LocalRotation.x
      value: 0
      objectReference: {fileID: 0}
    - target: {fileID: 7481070404202510324, guid: 6e4240ff0f1ccf94eacd534a5259f477,
        type: 3}
      propertyPath: m_LocalRotation.y
      value: 0
      objectReference: {fileID: 0}
    - target: {fileID: 7481070404202510324, guid: 6e4240ff0f1ccf94eacd534a5259f477,
        type: 3}
      propertyPath: m_LocalRotation.z
      value: 0
      objectReference: {fileID: 0}
    - target: {fileID: 7481070404202510324, guid: 6e4240ff0f1ccf94eacd534a5259f477,
        type: 3}
      propertyPath: m_LocalRotation.w
      value: 1
      objectReference: {fileID: 0}
    - target: {fileID: 7481070404202510324, guid: 6e4240ff0f1ccf94eacd534a5259f477,
        type: 3}
      propertyPath: m_RootOrder
      value: 7
      objectReference: {fileID: 0}
    - target: {fileID: 7481070404202510324, guid: 6e4240ff0f1ccf94eacd534a5259f477,
        type: 3}
      propertyPath: m_LocalEulerAnglesHint.x
      value: 0
      objectReference: {fileID: 0}
    - target: {fileID: 7481070404202510324, guid: 6e4240ff0f1ccf94eacd534a5259f477,
        type: 3}
      propertyPath: m_LocalEulerAnglesHint.y
      value: 0
      objectReference: {fileID: 0}
    - target: {fileID: 7481070404202510324, guid: 6e4240ff0f1ccf94eacd534a5259f477,
        type: 3}
      propertyPath: m_LocalEulerAnglesHint.z
      value: 0
      objectReference: {fileID: 0}
    - target: {fileID: 7481070404139170581, guid: 6e4240ff0f1ccf94eacd534a5259f477,
        type: 3}
      propertyPath: theBubble
      value: 
      objectReference: {fileID: 2125703184}
    - target: {fileID: 7481070404158525065, guid: 6e4240ff0f1ccf94eacd534a5259f477,
        type: 3}
      propertyPath: theBubble
      value: 
      objectReference: {fileID: 2125703184}
    - target: {fileID: 7481070404202510323, guid: 6e4240ff0f1ccf94eacd534a5259f477,
        type: 3}
      propertyPath: m_Mesh
      value: 
      objectReference: {fileID: 0}
    m_RemovedComponents: []
  m_SourcePrefab: {fileID: 100100000, guid: 6e4240ff0f1ccf94eacd534a5259f477, type: 3}
--- !u!1001 &8215623114565046326
PrefabInstance:
  m_ObjectHideFlags: 0
  serializedVersion: 2
  m_Modification:
    m_TransformParent: {fileID: 0}
    m_Modifications:
    - target: {fileID: 8215623114811697226, guid: cac633f413474df47a8596f4c37d55ac,
        type: 3}
      propertyPath: m_Name
      value: Main Camera
      objectReference: {fileID: 0}
    - target: {fileID: 8215623114811697225, guid: cac633f413474df47a8596f4c37d55ac,
        type: 3}
      propertyPath: orthographic size
      value: 6
      objectReference: {fileID: 0}
    - target: {fileID: 8215623114811697334, guid: cac633f413474df47a8596f4c37d55ac,
        type: 3}
      propertyPath: m_LocalPosition.x
      value: -8.11
      objectReference: {fileID: 0}
    - target: {fileID: 8215623114811697334, guid: cac633f413474df47a8596f4c37d55ac,
        type: 3}
      propertyPath: m_LocalPosition.y
      value: 0.5740001
      objectReference: {fileID: 0}
    - target: {fileID: 8215623114811697334, guid: cac633f413474df47a8596f4c37d55ac,
        type: 3}
      propertyPath: m_LocalPosition.z
      value: -10
      objectReference: {fileID: 0}
    - target: {fileID: 8215623114811697334, guid: cac633f413474df47a8596f4c37d55ac,
        type: 3}
      propertyPath: m_LocalRotation.x
      value: 0
      objectReference: {fileID: 0}
    - target: {fileID: 8215623114811697334, guid: cac633f413474df47a8596f4c37d55ac,
        type: 3}
      propertyPath: m_LocalRotation.y
      value: 0
      objectReference: {fileID: 0}
    - target: {fileID: 8215623114811697334, guid: cac633f413474df47a8596f4c37d55ac,
        type: 3}
      propertyPath: m_LocalRotation.z
      value: 0
      objectReference: {fileID: 0}
    - target: {fileID: 8215623114811697334, guid: cac633f413474df47a8596f4c37d55ac,
        type: 3}
      propertyPath: m_LocalRotation.w
      value: 1
      objectReference: {fileID: 0}
    - target: {fileID: 8215623114811697334, guid: cac633f413474df47a8596f4c37d55ac,
        type: 3}
      propertyPath: m_RootOrder
      value: 0
      objectReference: {fileID: 0}
    - target: {fileID: 8215623114811697334, guid: cac633f413474df47a8596f4c37d55ac,
        type: 3}
      propertyPath: m_LocalEulerAnglesHint.x
      value: 0
      objectReference: {fileID: 0}
    - target: {fileID: 8215623114811697334, guid: cac633f413474df47a8596f4c37d55ac,
        type: 3}
      propertyPath: m_LocalEulerAnglesHint.y
      value: 0
      objectReference: {fileID: 0}
    - target: {fileID: 8215623114811697334, guid: cac633f413474df47a8596f4c37d55ac,
        type: 3}
      propertyPath: m_LocalEulerAnglesHint.z
      value: 0
      objectReference: {fileID: 0}
    m_RemovedComponents: []
  m_SourcePrefab: {fileID: 100100000, guid: cac633f413474df47a8596f4c37d55ac, type: 3}
--- !u!1001 &8686671148166549355
PrefabInstance:
  m_ObjectHideFlags: 0
  serializedVersion: 2
  m_Modification:
    m_TransformParent: {fileID: 0}
    m_Modifications:
    - target: {fileID: 8686671147972243787, guid: e7457d18d65f94540807268920b98869,
        type: 3}
      propertyPath: m_Name
      value: ThoughtTimer
      objectReference: {fileID: 0}
    - target: {fileID: 8686671147972243785, guid: e7457d18d65f94540807268920b98869,
        type: 3}
      propertyPath: m_LocalPosition.x
      value: -5.860475
      objectReference: {fileID: 0}
    - target: {fileID: 8686671147972243785, guid: e7457d18d65f94540807268920b98869,
        type: 3}
      propertyPath: m_LocalPosition.y
      value: -2.06333
      objectReference: {fileID: 0}
    - target: {fileID: 8686671147972243785, guid: e7457d18d65f94540807268920b98869,
        type: 3}
      propertyPath: m_LocalPosition.z
      value: -0.16359909
      objectReference: {fileID: 0}
    - target: {fileID: 8686671147972243785, guid: e7457d18d65f94540807268920b98869,
        type: 3}
      propertyPath: m_LocalRotation.x
      value: 0
      objectReference: {fileID: 0}
    - target: {fileID: 8686671147972243785, guid: e7457d18d65f94540807268920b98869,
        type: 3}
      propertyPath: m_LocalRotation.y
      value: 0
      objectReference: {fileID: 0}
    - target: {fileID: 8686671147972243785, guid: e7457d18d65f94540807268920b98869,
        type: 3}
      propertyPath: m_LocalRotation.z
      value: 0
      objectReference: {fileID: 0}
    - target: {fileID: 8686671147972243785, guid: e7457d18d65f94540807268920b98869,
        type: 3}
      propertyPath: m_LocalRotation.w
      value: 1
      objectReference: {fileID: 0}
    - target: {fileID: 8686671147972243785, guid: e7457d18d65f94540807268920b98869,
        type: 3}
      propertyPath: m_RootOrder
      value: 14
      objectReference: {fileID: 0}
    - target: {fileID: 8686671147972243785, guid: e7457d18d65f94540807268920b98869,
        type: 3}
      propertyPath: m_LocalEulerAnglesHint.x
      value: 0
      objectReference: {fileID: 0}
    - target: {fileID: 8686671147972243785, guid: e7457d18d65f94540807268920b98869,
        type: 3}
      propertyPath: m_LocalEulerAnglesHint.y
      value: 0
      objectReference: {fileID: 0}
    - target: {fileID: 8686671147972243785, guid: e7457d18d65f94540807268920b98869,
        type: 3}
      propertyPath: m_LocalEulerAnglesHint.z
      value: 0
      objectReference: {fileID: 0}
    - target: {fileID: 8686671147972243786, guid: e7457d18d65f94540807268920b98869,
        type: 3}
      propertyPath: thoughts
      value: 
      objectReference: {fileID: 2125703184}
    - target: {fileID: 8686671147972243786, guid: e7457d18d65f94540807268920b98869,
        type: 3}
      propertyPath: trigger
      value: 
      objectReference: {fileID: 1019528542}
    m_RemovedComponents: []
  m_SourcePrefab: {fileID: 100100000, guid: e7457d18d65f94540807268920b98869, type: 3}
--- !u!1001 &8893643759894875967
PrefabInstance:
  m_ObjectHideFlags: 0
  serializedVersion: 2
  m_Modification:
    m_TransformParent: {fileID: 0}
    m_Modifications:
    - target: {fileID: 8893643761307679848, guid: 55108a7a39ee9d649b95f71f0a67f5a9,
        type: 3}
      propertyPath: m_Name
      value: CM vcam1
      objectReference: {fileID: 0}
    - target: {fileID: 8893643761307679846, guid: 55108a7a39ee9d649b95f71f0a67f5a9,
        type: 3}
      propertyPath: m_LocalPosition.x
      value: -8.11
      objectReference: {fileID: 0}
    - target: {fileID: 8893643761307679846, guid: 55108a7a39ee9d649b95f71f0a67f5a9,
        type: 3}
      propertyPath: m_LocalPosition.y
      value: 0.5740001
      objectReference: {fileID: 0}
    - target: {fileID: 8893643761307679846, guid: 55108a7a39ee9d649b95f71f0a67f5a9,
        type: 3}
      propertyPath: m_LocalPosition.z
      value: -10
      objectReference: {fileID: 0}
    - target: {fileID: 8893643761307679846, guid: 55108a7a39ee9d649b95f71f0a67f5a9,
        type: 3}
      propertyPath: m_LocalRotation.x
      value: 0
      objectReference: {fileID: 0}
    - target: {fileID: 8893643761307679846, guid: 55108a7a39ee9d649b95f71f0a67f5a9,
        type: 3}
      propertyPath: m_LocalRotation.y
      value: 0
      objectReference: {fileID: 0}
    - target: {fileID: 8893643761307679846, guid: 55108a7a39ee9d649b95f71f0a67f5a9,
        type: 3}
      propertyPath: m_LocalRotation.z
      value: 0
      objectReference: {fileID: 0}
    - target: {fileID: 8893643761307679846, guid: 55108a7a39ee9d649b95f71f0a67f5a9,
        type: 3}
      propertyPath: m_LocalRotation.w
      value: 1
      objectReference: {fileID: 0}
    - target: {fileID: 8893643761307679846, guid: 55108a7a39ee9d649b95f71f0a67f5a9,
        type: 3}
      propertyPath: m_RootOrder
      value: 8
      objectReference: {fileID: 0}
    - target: {fileID: 8893643761307679846, guid: 55108a7a39ee9d649b95f71f0a67f5a9,
        type: 3}
      propertyPath: m_LocalEulerAnglesHint.x
      value: 0
      objectReference: {fileID: 0}
    - target: {fileID: 8893643761307679846, guid: 55108a7a39ee9d649b95f71f0a67f5a9,
        type: 3}
      propertyPath: m_LocalEulerAnglesHint.y
      value: 0
      objectReference: {fileID: 0}
    - target: {fileID: 8893643761307679846, guid: 55108a7a39ee9d649b95f71f0a67f5a9,
        type: 3}
      propertyPath: m_LocalEulerAnglesHint.z
      value: 0
      objectReference: {fileID: 0}
    - target: {fileID: 8893643761307679847, guid: 55108a7a39ee9d649b95f71f0a67f5a9,
        type: 3}
      propertyPath: m_Follow
      value: 
      objectReference: {fileID: 2055410525}
    - target: {fileID: 8893643761307679847, guid: 55108a7a39ee9d649b95f71f0a67f5a9,
        type: 3}
      propertyPath: m_Lens.OrthographicSize
      value: 6
      objectReference: {fileID: 0}
    m_RemovedComponents: []
  m_SourcePrefab: {fileID: 100100000, guid: 55108a7a39ee9d649b95f71f0a67f5a9, type: 3}
