%YAML 1.1
%TAG !u! tag:unity3d.com,2011:
--- !u!29 &1
OcclusionCullingSettings:
  m_ObjectHideFlags: 0
  serializedVersion: 2
  m_OcclusionBakeSettings:
    smallestOccluder: 5
    smallestHole: 0.25
    backfaceThreshold: 100
  m_SceneGUID: 00000000000000000000000000000000
  m_OcclusionCullingData: {fileID: 0}
--- !u!104 &2
RenderSettings:
  m_ObjectHideFlags: 0
  serializedVersion: 9
  m_Fog: 0
  m_FogColor: {r: 0.5, g: 0.5, b: 0.5, a: 1}
  m_FogMode: 3
  m_FogDensity: 0.01
  m_LinearFogStart: 0
  m_LinearFogEnd: 300
  m_AmbientSkyColor: {r: 0.212, g: 0.227, b: 0.259, a: 1}
  m_AmbientEquatorColor: {r: 0.114, g: 0.125, b: 0.133, a: 1}
  m_AmbientGroundColor: {r: 0.047, g: 0.043, b: 0.035, a: 1}
  m_AmbientIntensity: 1
  m_AmbientMode: 3
  m_SubtractiveShadowColor: {r: 0.42, g: 0.478, b: 0.627, a: 1}
  m_SkyboxMaterial: {fileID: 0}
  m_HaloStrength: 0.5
  m_FlareStrength: 1
  m_FlareFadeSpeed: 3
  m_HaloTexture: {fileID: 0}
  m_SpotCookie: {fileID: 10001, guid: 0000000000000000e000000000000000, type: 0}
  m_DefaultReflectionMode: 0
  m_DefaultReflectionResolution: 128
  m_ReflectionBounces: 1
  m_ReflectionIntensity: 1
  m_CustomReflection: {fileID: 0}
  m_Sun: {fileID: 0}
  m_IndirectSpecularColor: {r: 0, g: 0, b: 0, a: 1}
  m_UseRadianceAmbientProbe: 0
--- !u!157 &3
LightmapSettings:
  m_ObjectHideFlags: 0
  serializedVersion: 11
  m_GIWorkflowMode: 1
  m_GISettings:
    serializedVersion: 2
    m_BounceScale: 1
    m_IndirectOutputScale: 1
    m_AlbedoBoost: 1
    m_TemporalCoherenceThreshold: 1
    m_EnvironmentLightingMode: 0
    m_EnableBakedLightmaps: 0
    m_EnableRealtimeLightmaps: 0
  m_LightmapEditorSettings:
    serializedVersion: 10
    m_Resolution: 2
    m_BakeResolution: 40
    m_AtlasSize: 1024
    m_AO: 0
    m_AOMaxDistance: 1
    m_CompAOExponent: 1
    m_CompAOExponentDirect: 0
    m_Padding: 2
    m_LightmapParameters: {fileID: 0}
    m_LightmapsBakeMode: 1
    m_TextureCompression: 1
    m_FinalGather: 0
    m_FinalGatherFiltering: 1
    m_FinalGatherRayCount: 256
    m_ReflectionCompression: 2
    m_MixedBakeMode: 2
    m_BakeBackend: 0
    m_PVRSampling: 1
    m_PVRDirectSampleCount: 32
    m_PVRSampleCount: 500
    m_PVRBounces: 2
    m_PVRFilterTypeDirect: 0
    m_PVRFilterTypeIndirect: 0
    m_PVRFilterTypeAO: 0
    m_PVRFilteringMode: 1
    m_PVRCulling: 1
    m_PVRFilteringGaussRadiusDirect: 1
    m_PVRFilteringGaussRadiusIndirect: 5
    m_PVRFilteringGaussRadiusAO: 2
    m_PVRFilteringAtrousPositionSigmaDirect: 0.5
    m_PVRFilteringAtrousPositionSigmaIndirect: 2
    m_PVRFilteringAtrousPositionSigmaAO: 1
    m_ShowResolutionOverlay: 1
  m_LightingDataAsset: {fileID: 0}
  m_UseShadowmask: 1
--- !u!196 &4
NavMeshSettings:
  serializedVersion: 2
  m_ObjectHideFlags: 0
  m_BuildSettings:
    serializedVersion: 2
    agentTypeID: 0
    agentRadius: 0.5
    agentHeight: 2
    agentSlope: 45
    agentClimb: 0.4
    ledgeDropHeight: 0
    maxJumpAcrossDistance: 0
    minRegionArea: 2
    manualCellSize: 0
    cellSize: 0.16666667
    manualTileSize: 0
    tileSize: 256
    accuratePlacement: 0
    debug:
      m_Flags: 0
  m_NavMeshData: {fileID: 0}
--- !u!1 &4378720
GameObject:
  m_ObjectHideFlags: 0
  m_CorrespondingSourceObject: {fileID: 0}
  m_PrefabInternal: {fileID: 0}
  serializedVersion: 6
  m_Component:
  - component: {fileID: 4378721}
  m_Layer: 0
  m_Name: Settings
  m_TagString: Untagged
  m_Icon: {fileID: 0}
  m_NavMeshLayer: 0
  m_StaticEditorFlags: 0
  m_IsActive: 1
--- !u!4 &4378721
Transform:
  m_ObjectHideFlags: 0
  m_CorrespondingSourceObject: {fileID: 0}
  m_PrefabInternal: {fileID: 0}
  m_GameObject: {fileID: 4378720}
  m_LocalRotation: {x: -0, y: -0, z: -0, w: 1}
  m_LocalPosition: {x: 0, y: 0, z: 0}
  m_LocalScale: {x: 1, y: 1, z: 1}
  m_Children:
  - {fileID: 1328001852}
  m_Father: {fileID: 544446810}
  m_RootOrder: 0
  m_LocalEulerAnglesHint: {x: 0, y: 0, z: 0}
--- !u!114 &15822510
MonoBehaviour:
  m_ObjectHideFlags: 0
  m_CorrespondingSourceObject: {fileID: 2451105179805526601, guid: d67758c56d00a3343b72bfced74cefa6,
    type: 3}
  m_PrefabInternal: {fileID: 0}
  m_GameObject: {fileID: 0}
  m_Enabled: 1
  m_EditorHideFlags: 0
  m_Script: {fileID: 11500000, guid: 101bda4575b6ef94a8e7f46a9c9cc9b0, type: 3}
  m_Name: 
  m_EditorClassIdentifier: 
--- !u!1 &544446809
GameObject:
  m_ObjectHideFlags: 1
  m_CorrespondingSourceObject: {fileID: 0}
  m_PrefabInternal: {fileID: 0}
  serializedVersion: 6
  m_Component:
  - component: {fileID: 544446810}
  m_Layer: 0
  m_Name: UnityEngine-Recorder
  m_TagString: Untagged
  m_Icon: {fileID: 0}
  m_NavMeshLayer: 0
  m_StaticEditorFlags: 0
  m_IsActive: 1
--- !u!4 &544446810
Transform:
  m_ObjectHideFlags: 1
  m_CorrespondingSourceObject: {fileID: 0}
  m_PrefabInternal: {fileID: 0}
  m_GameObject: {fileID: 544446809}
  m_LocalRotation: {x: 0, y: 0, z: 0, w: 1}
  m_LocalPosition: {x: 0, y: 0, z: 0}
  m_LocalScale: {x: 1, y: 1, z: 1}
  m_Children:
  - {fileID: 4378721}
  - {fileID: 1998712672}
  m_Father: {fileID: 0}
  m_RootOrder: 13
  m_LocalEulerAnglesHint: {x: 0, y: 0, z: 0}
--- !u!1 &653616035
GameObject:
  m_ObjectHideFlags: 0
  m_CorrespondingSourceObject: {fileID: 0}
  m_PrefabInternal: {fileID: 0}
  serializedVersion: 6
  m_Component:
  - component: {fileID: 653616037}
  - component: {fileID: 653616036}
  m_Layer: 0
  m_Name: BG
  m_TagString: Untagged
  m_Icon: {fileID: 0}
  m_NavMeshLayer: 0
  m_StaticEditorFlags: 0
  m_IsActive: 1
--- !u!212 &653616036
SpriteRenderer:
  m_ObjectHideFlags: 0
  m_CorrespondingSourceObject: {fileID: 0}
  m_PrefabInternal: {fileID: 0}
  m_GameObject: {fileID: 653616035}
  m_Enabled: 1
  m_CastShadows: 0
  m_ReceiveShadows: 0
  m_DynamicOccludee: 1
  m_MotionVectors: 1
  m_LightProbeUsage: 1
  m_ReflectionProbeUsage: 1
  m_RenderingLayerMask: 1
  m_Materials:
  - {fileID: 10754, guid: 0000000000000000f000000000000000, type: 0}
  m_StaticBatchInfo:
    firstSubMesh: 0
    subMeshCount: 0
  m_StaticBatchRoot: {fileID: 0}
  m_ProbeAnchor: {fileID: 0}
  m_LightProbeVolumeOverride: {fileID: 0}
  m_ScaleInLightmap: 1
  m_PreserveUVs: 0
  m_IgnoreNormalsForChartDetection: 0
  m_ImportantGI: 0
  m_StitchLightmapSeams: 0
  m_SelectedEditorRenderState: 0
  m_MinimumChartSize: 4
  m_AutoUVMaxDistance: 0.5
  m_AutoUVMaxAngle: 89
  m_LightmapParameters: {fileID: 0}
  m_SortingLayerID: 0
  m_SortingLayer: 0
  m_SortingOrder: 0
  m_Sprite: {fileID: 21300000, guid: 281606a5b290dd542bab430588b76d2b, type: 3}
  m_Color: {r: 1, g: 1, b: 1, a: 1}
  m_FlipX: 0
  m_FlipY: 0
  m_DrawMode: 0
  m_Size: {x: 15.93, y: 12.5}
  m_AdaptiveModeThreshold: 0.5
  m_SpriteTileMode: 0
  m_WasSpriteAssigned: 1
  m_MaskInteraction: 0
  m_SpriteSortPoint: 0
--- !u!4 &653616037
Transform:
  m_ObjectHideFlags: 0
  m_CorrespondingSourceObject: {fileID: 0}
  m_PrefabInternal: {fileID: 0}
  m_GameObject: {fileID: 653616035}
  m_LocalRotation: {x: 0, y: 0, z: 0, w: 1}
  m_LocalPosition: {x: 0, y: 2.15, z: 0}
  m_LocalScale: {x: 1, y: 1, z: 1}
  m_Children: []
  m_Father: {fileID: 0}
  m_RootOrder: 15
  m_LocalEulerAnglesHint: {x: 0, y: 0, z: 0}
--- !u!1 &765468550
GameObject:
  m_ObjectHideFlags: 0
  m_CorrespondingSourceObject: {fileID: 0}
  m_PrefabInternal: {fileID: 0}
  serializedVersion: 6
  m_Component:
  - component: {fileID: 765468553}
  - component: {fileID: 765468552}
  - component: {fileID: 765468551}
  m_Layer: 0
  m_Name: PlayerThoughtTrigger
  m_TagString: Untagged
  m_Icon: {fileID: 0}
  m_NavMeshLayer: 0
  m_StaticEditorFlags: 0
  m_IsActive: 1
--- !u!114 &765468551
MonoBehaviour:
  m_ObjectHideFlags: 0
  m_CorrespondingSourceObject: {fileID: 0}
  m_PrefabInternal: {fileID: 0}
  m_GameObject: {fileID: 765468550}
  m_Enabled: 1
  m_EditorHideFlags: 0
  m_Script: {fileID: 11500000, guid: 875c6c6fbf450144dbeb1fc03de721f0, type: 3}
  m_Name: 
  m_EditorClassIdentifier: 
  m_PrefabInstance: {fileID: 0}
  m_PrefabAsset: {fileID: 0}
  hasTriggered: 0
  needSquare: 1
  isTrigger: 1
  isStuck: 0
  dialogue:
    name: x
    sentences:
    - Ugh... I was a blob, I'd be able to slip under.
  theBubble: {fileID: 2125703184}
  enableBubble: {fileID: 11400000, guid: 2b8036d03b745ab44a6617a5e6b4038c, type: 2}
--- !u!61 &765468552
BoxCollider2D:
  m_ObjectHideFlags: 0
  m_CorrespondingSourceObject: {fileID: 0}
  m_PrefabInternal: {fileID: 0}
  m_GameObject: {fileID: 765468550}
  m_Enabled: 1
  m_Density: 1
  m_Material: {fileID: 0}
  m_IsTrigger: 1
  m_UsedByEffector: 0
  m_UsedByComposite: 0
  m_Offset: {x: 0, y: 0}
  m_SpriteTilingProperty:
    border: {x: 0, y: 0, z: 0, w: 0}
    pivot: {x: 0, y: 0}
    oldSize: {x: 0, y: 0}
    newSize: {x: 0, y: 0}
    adaptiveTilingThreshold: 0
    drawMode: 0
    adaptiveTiling: 0
  m_AutoTiling: 0
  serializedVersion: 2
  m_Size: {x: 1, y: 1}
  m_EdgeRadius: 0
--- !u!4 &765468553
Transform:
  m_ObjectHideFlags: 0
  m_CorrespondingSourceObject: {fileID: 0}
  m_PrefabInternal: {fileID: 0}
  m_GameObject: {fileID: 765468550}
  m_LocalRotation: {x: 0, y: 0, z: 0, w: 1}
  m_LocalPosition: {x: 4.02, y: 7.69, z: 0}
  m_LocalScale: {x: 3.7464, y: 3.7464, z: 3.7464}
  m_Children: []
  m_Father: {fileID: 0}
  m_RootOrder: 14
  m_LocalEulerAnglesHint: {x: 0, y: 0, z: 0}
--- !u!1 &823712673
GameObject:
  m_ObjectHideFlags: 0
  m_CorrespondingSourceObject: {fileID: 8473258980091577013, guid: 0cbe03d357481c44d93f4f122280a125,
    type: 3}
  m_PrefabInternal: {fileID: 0}
  serializedVersion: 6
  m_Component:
  - component: {fileID: 823712674}
  m_Layer: 0
  m_Name: 
  m_TagString: Untagged
  m_Icon: {fileID: 0}
  m_NavMeshLayer: 0
  m_StaticEditorFlags: 0
  m_IsActive: 0
--- !u!4 &823712674
Transform:
  m_ObjectHideFlags: 0
  m_CorrespondingSourceObject: {fileID: 0}
  m_PrefabInternal: {fileID: 0}
  m_GameObject: {fileID: 823712673}
  m_LocalRotation: {x: 0, y: 0, z: 0, w: 1}
  m_LocalPosition: {x: 0, y: 0, z: 0}
  m_LocalScale: {x: 1, y: 1, z: 1}
  m_Children: []
  m_Father: {fileID: 0}
  m_RootOrder: 0
  m_LocalEulerAnglesHint: {x: 0, y: 0, z: 0}
--- !u!114 &850338778
MonoBehaviour:
  m_ObjectHideFlags: 0
  m_CorrespondingSourceObject: {fileID: 7481070402991654771, guid: 6e4240ff0f1ccf94eacd534a5259f477,
    type: 3}
  m_PrefabInternal: {fileID: 0}
  m_GameObject: {fileID: 0}
  m_Enabled: 1
  m_EditorHideFlags: 0
  m_Script: {fileID: 11500000, guid: 875c6c6fbf450144dbeb1fc03de721f0, type: 3}
  m_Name: 
  m_EditorClassIdentifier: 
--- !u!1 &1013236908
GameObject:
  m_ObjectHideFlags: 0
  m_CorrespondingSourceObject: {fileID: 0}
  m_PrefabInternal: {fileID: 0}
  serializedVersion: 6
  m_Component:
  - component: {fileID: 1013236911}
  - component: {fileID: 1013236910}
  - component: {fileID: 1013236909}
  m_Layer: 0
  m_Name: ToKitchen
  m_TagString: Untagged
  m_Icon: {fileID: 0}
  m_NavMeshLayer: 0
  m_StaticEditorFlags: 0
  m_IsActive: 1
--- !u!114 &1013236909
MonoBehaviour:
  m_ObjectHideFlags: 0
  m_CorrespondingSourceObject: {fileID: 0}
  m_PrefabInternal: {fileID: 0}
  m_GameObject: {fileID: 1013236908}
  m_Enabled: 1
  m_EditorHideFlags: 0
  m_Script: {fileID: 11500000, guid: 035b373b9a36d9f49a8a2e8eadcacc60, type: 3}
  m_Name: 
  m_EditorClassIdentifier: 
  m_PrefabInstance: {fileID: 0}
  m_PrefabAsset: {fileID: 0}
  connectedScene: Kitchen
--- !u!61 &1013236910
BoxCollider2D:
  m_ObjectHideFlags: 0
  m_CorrespondingSourceObject: {fileID: 0}
  m_PrefabInternal: {fileID: 0}
  m_GameObject: {fileID: 1013236908}
  m_Enabled: 1
  m_Density: 1
  m_Material: {fileID: 0}
  m_IsTrigger: 1
  m_UsedByEffector: 0
  m_UsedByComposite: 0
  m_Offset: {x: 0, y: 0}
  m_SpriteTilingProperty:
    border: {x: 0, y: 0, z: 0, w: 0}
    pivot: {x: 0, y: 0}
    oldSize: {x: 0, y: 0}
    newSize: {x: 0, y: 0}
    adaptiveTilingThreshold: 0
    drawMode: 0
    adaptiveTiling: 0
  m_AutoTiling: 0
  serializedVersion: 2
  m_Size: {x: 1, y: 9.01}
  m_EdgeRadius: 0
--- !u!4 &1013236911
Transform:
  m_ObjectHideFlags: 0
  m_CorrespondingSourceObject: {fileID: 0}
  m_PrefabInternal: {fileID: 0}
  m_GameObject: {fileID: 1013236908}
  m_LocalRotation: {x: 0, y: 0, z: 0, w: 1}
  m_LocalPosition: {x: 6.83, y: 1.96, z: -0.15341152}
  m_LocalScale: {x: 1, y: 1, z: 1}
  m_Children: []
  m_Father: {fileID: 0}
  m_RootOrder: 16
  m_LocalEulerAnglesHint: {x: 0, y: 0, z: 0}
--- !u!1 &1328001851
GameObject:
  m_ObjectHideFlags: 0
  m_CorrespondingSourceObject: {fileID: 0}
  m_PrefabInternal: {fileID: 0}
  serializedVersion: 6
  m_Component:
  - component: {fileID: 1328001852}
  - component: {fileID: 1328001853}
  m_Layer: 0
  m_Name: 9bedbe3b6c5a2fc4bacb574a340b02a2
  m_TagString: Untagged
  m_Icon: {fileID: 0}
  m_NavMeshLayer: 0
  m_StaticEditorFlags: 0
  m_IsActive: 1
--- !u!4 &1328001852
Transform:
  m_ObjectHideFlags: 0
  m_CorrespondingSourceObject: {fileID: 0}
  m_PrefabInternal: {fileID: 0}
  m_GameObject: {fileID: 1328001851}
  m_LocalRotation: {x: -0, y: -0, z: -0, w: 1}
  m_LocalPosition: {x: 0, y: 0, z: 0}
  m_LocalScale: {x: 1, y: 1, z: 1}
  m_Children: []
  m_Father: {fileID: 4378721}
  m_RootOrder: 0
  m_LocalEulerAnglesHint: {x: 0, y: 0, z: 0}
--- !u!114 &1328001853
MonoBehaviour:
  m_ObjectHideFlags: 0
  m_CorrespondingSourceObject: {fileID: 0}
  m_PrefabInternal: {fileID: 0}
  m_GameObject: {fileID: 1328001851}
  m_Enabled: 1
  m_EditorHideFlags: 0
  m_Script: {fileID: 11500000, guid: 393ba449d1ca2d84ead6595000d41c14, type: 3}
  m_Name: 
  m_EditorClassIdentifier: 
  m_PrefabInstance: {fileID: 0}
  m_PrefabAsset: {fileID: 0}
  m_Settings:
  - {fileID: 0}
  - {fileID: 0}
--- !u!114 &1425781594
MonoBehaviour:
  m_ObjectHideFlags: 0
  m_CorrespondingSourceObject: {fileID: 8893643761307679845, guid: 55108a7a39ee9d649b95f71f0a67f5a9,
    type: 3}
  m_PrefabInternal: {fileID: 0}
  m_GameObject: {fileID: 0}
  m_Enabled: 1
  m_EditorHideFlags: 0
  m_Script: {fileID: 11500000, guid: d31fbc07f987bd94bb192416ddd3bf95, type: 3}
  m_Name: 
  m_EditorClassIdentifier: 
--- !u!1 &1764857431
GameObject:
  m_ObjectHideFlags: 0
  m_CorrespondingSourceObject: {fileID: 0}
  m_PrefabInternal: {fileID: 0}
  serializedVersion: 6
  m_Component:
  - component: {fileID: 1764857433}
  - component: {fileID: 1764857432}
  - component: {fileID: 1764857434}
  m_Layer: 0
  m_Name: ForceCircle
  m_TagString: Untagged
  m_Icon: {fileID: 0}
  m_NavMeshLayer: 0
  m_StaticEditorFlags: 0
  m_IsActive: 1
--- !u!61 &1764857432
BoxCollider2D:
  m_ObjectHideFlags: 0
  m_CorrespondingSourceObject: {fileID: 0}
  m_PrefabInternal: {fileID: 0}
  m_GameObject: {fileID: 1764857431}
  m_Enabled: 1
  m_Density: 1
  m_Material: {fileID: 0}
  m_IsTrigger: 1
  m_UsedByEffector: 0
  m_UsedByComposite: 0
  m_Offset: {x: 0, y: 0}
  m_SpriteTilingProperty:
    border: {x: 0, y: 0, z: 0, w: 0}
    pivot: {x: 0, y: 0}
    oldSize: {x: 0, y: 0}
    newSize: {x: 0, y: 0}
    adaptiveTilingThreshold: 0
    drawMode: 0
    adaptiveTiling: 0
  m_AutoTiling: 0
  serializedVersion: 2
  m_Size: {x: 1, y: 1}
  m_EdgeRadius: 0
--- !u!4 &1764857433
Transform:
  m_ObjectHideFlags: 0
  m_CorrespondingSourceObject: {fileID: 0}
  m_PrefabInternal: {fileID: 0}
  m_GameObject: {fileID: 1764857431}
  m_LocalRotation: {x: 0, y: 0, z: 0, w: 1}
  m_LocalPosition: {x: -1.47, y: -1.14, z: -0.13316816}
  m_LocalScale: {x: 1, y: 1, z: 1}
  m_Children: []
  m_Father: {fileID: 0}
  m_RootOrder: 20
  m_LocalEulerAnglesHint: {x: 0, y: 0, z: 0}
--- !u!114 &1764857434
MonoBehaviour:
  m_ObjectHideFlags: 0
  m_CorrespondingSourceObject: {fileID: 0}
  m_PrefabInternal: {fileID: 0}
  m_GameObject: {fileID: 1764857431}
  m_Enabled: 1
  m_EditorHideFlags: 0
  m_Script: {fileID: 11500000, guid: da59370cdf6014e4da0fcd8f0cb5cf85, type: 3}
  m_Name: 
  m_EditorClassIdentifier: 
  m_PrefabInstance: {fileID: 0}
  m_PrefabAsset: {fileID: 0}
--- !u!1 &1998712671
GameObject:
  m_ObjectHideFlags: 0
  m_CorrespondingSourceObject: {fileID: 0}
  m_PrefabInternal: {fileID: 0}
  serializedVersion: 6
  m_Component:
  - component: {fileID: 1998712672}
  m_Layer: 0
  m_Name: RecordingSessions
  m_TagString: Untagged
  m_Icon: {fileID: 0}
  m_NavMeshLayer: 0
  m_StaticEditorFlags: 0
  m_IsActive: 1
--- !u!4 &1998712672
Transform:
  m_ObjectHideFlags: 0
  m_CorrespondingSourceObject: {fileID: 0}
  m_PrefabInternal: {fileID: 0}
  m_GameObject: {fileID: 1998712671}
  m_LocalRotation: {x: -0, y: -0, z: -0, w: 1}
  m_LocalPosition: {x: 0, y: 0, z: 0}
  m_LocalScale: {x: 1, y: 1, z: 1}
  m_Children: []
  m_Father: {fileID: 544446810}
  m_RootOrder: 1
  m_LocalEulerAnglesHint: {x: 0, y: 0, z: 0}
--- !u!1 &2018854156
GameObject:
  m_ObjectHideFlags: 0
  m_CorrespondingSourceObject: {fileID: 0}
  m_PrefabInternal: {fileID: 0}
  serializedVersion: 6
  m_Component:
  - component: {fileID: 2018854157}
  m_Layer: 0
  m_Name: R
  m_TagString: Untagged
  m_Icon: {fileID: 0}
  m_NavMeshLayer: 0
  m_StaticEditorFlags: 0
  m_IsActive: 1
--- !u!4 &2018854157
Transform:
  m_ObjectHideFlags: 0
  m_CorrespondingSourceObject: {fileID: 0}
  m_PrefabInternal: {fileID: 0}
  m_GameObject: {fileID: 2018854156}
  m_LocalRotation: {x: 0, y: 0, z: 0, w: 1}
  m_LocalPosition: {x: 3.77, y: -1.78, z: 0}
  m_LocalScale: {x: 1, y: 1, z: 1}
  m_Children: []
  m_Father: {fileID: 0}
  m_RootOrder: 19
  m_LocalEulerAnglesHint: {x: 0, y: 0, z: 0}
--- !u!114 &2028268816
MonoBehaviour:
  m_ObjectHideFlags: 0
  m_CorrespondingSourceObject: {fileID: 515058447234852097, guid: d82a533ac130e3449ab2eeb82d46c47d,
    type: 3}
  m_PrefabInternal: {fileID: 0}
  m_GameObject: {fileID: 0}
  m_Enabled: 1
  m_EditorHideFlags: 0
  m_Script: {fileID: 11500000, guid: db8bd7f4b7e63cd4abe4a2fed89f10c5, type: 3}
  m_Name: 
  m_EditorClassIdentifier: 
--- !u!1 &2055410521
GameObject:
  m_ObjectHideFlags: 0
  m_CorrespondingSourceObject: {fileID: 7481070404202510320, guid: 6e4240ff0f1ccf94eacd534a5259f477,
    type: 3}
  m_PrefabInternal: {fileID: 0}
  serializedVersion: 6
  m_Component:
  - component: {fileID: 2055410522}
  m_Layer: 0
  m_Name: 
  m_TagString: Untagged
  m_Icon: {fileID: 0}
  m_NavMeshLayer: 0
  m_StaticEditorFlags: 0
  m_IsActive: 0
--- !u!4 &2055410522
Transform:
  m_ObjectHideFlags: 0
  m_CorrespondingSourceObject: {fileID: 0}
  m_PrefabInternal: {fileID: 0}
  m_GameObject: {fileID: 2055410521}
  m_LocalRotation: {x: 0, y: 0, z: 0, w: 1}
  m_LocalPosition: {x: 0, y: 0, z: 0}
  m_LocalScale: {x: 1, y: 1, z: 1}
  m_Children: []
  m_Father: {fileID: 0}
  m_RootOrder: 1
  m_LocalEulerAnglesHint: {x: 0, y: 0, z: 0}
--- !u!114 &2055410524
MonoBehaviour:
  m_ObjectHideFlags: 0
  m_CorrespondingSourceObject: {fileID: 7481070404202510325, guid: 6e4240ff0f1ccf94eacd534a5259f477,
    type: 3}
  m_PrefabInternal: {fileID: 0}
  m_GameObject: {fileID: 0}
  m_Enabled: 1
  m_EditorHideFlags: 0
  m_Script: {fileID: 11500000, guid: f1dff9be9f46d734da97b505e1691f7b, type: 3}
  m_Name: 
  m_EditorClassIdentifier: 
--- !u!1 &2067349269
GameObject:
  m_ObjectHideFlags: 0
  m_CorrespondingSourceObject: {fileID: 0}
  m_PrefabInternal: {fileID: 0}
  serializedVersion: 6
  m_Component:
  - component: {fileID: 2067349270}
  m_Layer: 0
  m_Name: L
  m_TagString: Untagged
  m_Icon: {fileID: 0}
  m_NavMeshLayer: 0
  m_StaticEditorFlags: 0
  m_IsActive: 1
--- !u!4 &2067349270
Transform:
  m_ObjectHideFlags: 0
  m_CorrespondingSourceObject: {fileID: 0}
  m_PrefabInternal: {fileID: 0}
  m_GameObject: {fileID: 2067349269}
  m_LocalRotation: {x: 0, y: 0, z: 0, w: 1}
  m_LocalPosition: {x: -4.62, y: -1.78, z: 0}
  m_LocalScale: {x: 1, y: 1, z: 1}
  m_Children: []
  m_Father: {fileID: 0}
  m_RootOrder: 18
  m_LocalEulerAnglesHint: {x: 0, y: 0, z: 0}
--- !u!1 &2124457706
GameObject:
  m_ObjectHideFlags: 0
  m_CorrespondingSourceObject: {fileID: 0}
  m_PrefabInternal: {fileID: 0}
  serializedVersion: 6
  m_Component:
  - component: {fileID: 2124457708}
  - component: {fileID: 2124457707}
  m_Layer: 0
  m_Name: PlacePlayer
  m_TagString: Untagged
  m_Icon: {fileID: 0}
  m_NavMeshLayer: 0
  m_StaticEditorFlags: 0
  m_IsActive: 1
--- !u!114 &2124457707
MonoBehaviour:
  m_ObjectHideFlags: 0
  m_CorrespondingSourceObject: {fileID: 0}
  m_PrefabInternal: {fileID: 0}
  m_GameObject: {fileID: 2124457706}
  m_Enabled: 1
  m_EditorHideFlags: 0
  m_Script: {fileID: 11500000, guid: 3c051902f24009147b52d7e2ce7afe86, type: 3}
  m_Name: 
  m_EditorClassIdentifier: 
  m_PrefabInstance: {fileID: 0}
  m_PrefabAsset: {fileID: 0}
  left: {fileID: 2067349270}
  right: {fileID: 2018854157}
  leftScene: City2
  rightScene: Kitchen
--- !u!4 &2124457708
Transform:
  m_ObjectHideFlags: 0
  m_CorrespondingSourceObject: {fileID: 0}
  m_PrefabInternal: {fileID: 0}
  m_GameObject: {fileID: 2124457706}
  m_LocalRotation: {x: 0, y: 0, z: 0, w: 1}
  m_LocalPosition: {x: -2.161589, y: 4.943256, z: -0.22616671}
  m_LocalScale: {x: 1, y: 1, z: 1}
  m_Children: []
  m_Father: {fileID: 0}
  m_RootOrder: 17
  m_LocalEulerAnglesHint: {x: 0, y: 0, z: 0}
--- !u!114 &2125703184
MonoBehaviour:
  m_ObjectHideFlags: 0
  m_CorrespondingSourceObject: {fileID: 2451105180438981879, guid: d67758c56d00a3343b72bfced74cefa6,
    type: 3}
  m_PrefabInternal: {fileID: 0}
  m_GameObject: {fileID: 0}
  m_Enabled: 1
  m_EditorHideFlags: 0
  m_Script: {fileID: 11500000, guid: 101bda4575b6ef94a8e7f46a9c9cc9b0, type: 3}
  m_Name: 
  m_EditorClassIdentifier: 
--- !u!114 &2127142844
MonoBehaviour:
  m_ObjectHideFlags: 0
  m_CorrespondingSourceObject: {fileID: 7481070404139170581, guid: 6e4240ff0f1ccf94eacd534a5259f477,
    type: 3}
  m_PrefabInternal: {fileID: 0}
  m_GameObject: {fileID: 0}
  m_Enabled: 1
  m_EditorHideFlags: 0
  m_Script: {fileID: 11500000, guid: 875c6c6fbf450144dbeb1fc03de721f0, type: 3}
  m_Name: 
  m_EditorClassIdentifier: 
--- !u!114 &2132814368
MonoBehaviour:
  m_ObjectHideFlags: 0
  m_CorrespondingSourceObject: {fileID: 7481070404158525065, guid: 6e4240ff0f1ccf94eacd534a5259f477,
    type: 3}
  m_PrefabInternal: {fileID: 0}
  m_GameObject: {fileID: 0}
  m_Enabled: 1
  m_EditorHideFlags: 0
  m_Script: {fileID: 11500000, guid: 875c6c6fbf450144dbeb1fc03de721f0, type: 3}
  m_Name: 
  m_EditorClassIdentifier: 
--- !u!1001 &515058446817265681
Prefab:
  m_ObjectHideFlags: 0
  serializedVersion: 2
  m_Modification:
    m_TransformParent: {fileID: 0}
    m_Modifications:
    - target: {fileID: 515058447234852126, guid: d82a533ac130e3449ab2eeb82d46c47d,
        type: 3}
      propertyPath: m_Name
      value: GameManager
      objectReference: {fileID: 0}
    - target: {fileID: 515058447234852096, guid: d82a533ac130e3449ab2eeb82d46c47d,
        type: 3}
      propertyPath: m_LocalPosition.x
      value: 0
      objectReference: {fileID: 0}
    - target: {fileID: 515058447234852096, guid: d82a533ac130e3449ab2eeb82d46c47d,
        type: 3}
      propertyPath: m_LocalPosition.y
      value: 0
      objectReference: {fileID: 0}
    - target: {fileID: 515058447234852096, guid: d82a533ac130e3449ab2eeb82d46c47d,
        type: 3}
      propertyPath: m_LocalPosition.z
      value: 0
      objectReference: {fileID: 0}
    - target: {fileID: 515058447234852096, guid: d82a533ac130e3449ab2eeb82d46c47d,
        type: 3}
      propertyPath: m_LocalRotation.x
      value: 0
      objectReference: {fileID: 0}
    - target: {fileID: 515058447234852096, guid: d82a533ac130e3449ab2eeb82d46c47d,
        type: 3}
      propertyPath: m_LocalRotation.y
      value: 0
      objectReference: {fileID: 0}
    - target: {fileID: 515058447234852096, guid: d82a533ac130e3449ab2eeb82d46c47d,
        type: 3}
      propertyPath: m_LocalRotation.z
      value: 0
      objectReference: {fileID: 0}
    - target: {fileID: 515058447234852096, guid: d82a533ac130e3449ab2eeb82d46c47d,
        type: 3}
      propertyPath: m_LocalRotation.w
      value: 1
      objectReference: {fileID: 0}
    - target: {fileID: 515058447234852096, guid: d82a533ac130e3449ab2eeb82d46c47d,
        type: 3}
      propertyPath: m_RootOrder
      value: 12
      objectReference: {fileID: 0}
    - target: {fileID: 515058447234852096, guid: d82a533ac130e3449ab2eeb82d46c47d,
        type: 3}
      propertyPath: m_LocalEulerAnglesHint.x
      value: 0
      objectReference: {fileID: 0}
    - target: {fileID: 515058447234852096, guid: d82a533ac130e3449ab2eeb82d46c47d,
        type: 3}
      propertyPath: m_LocalEulerAnglesHint.y
      value: 0
      objectReference: {fileID: 0}
    - target: {fileID: 515058447234852096, guid: d82a533ac130e3449ab2eeb82d46c47d,
        type: 3}
      propertyPath: m_LocalEulerAnglesHint.z
      value: 0
      objectReference: {fileID: 0}
    m_RemovedComponents: []
  m_SourcePrefab: {fileID: 100100000, guid: d82a533ac130e3449ab2eeb82d46c47d, type: 3}
  m_IsPrefabAsset: 0
--- !u!1001 &2451105179808613607
Prefab:
  m_ObjectHideFlags: 0
  serializedVersion: 2
  m_Modification:
    m_TransformParent: {fileID: 0}
    m_Modifications:
    - target: {fileID: 2451105180980456741, guid: d67758c56d00a3343b72bfced74cefa6,
        type: 3}
      propertyPath: m_Name
      value: WorldSpaceCanvas
      objectReference: {fileID: 0}
    - target: {fileID: 2451105180980456737, guid: d67758c56d00a3343b72bfced74cefa6,
        type: 3}
      propertyPath: m_LocalPosition.x
      value: 0
      objectReference: {fileID: 0}
    - target: {fileID: 2451105180980456737, guid: d67758c56d00a3343b72bfced74cefa6,
        type: 3}
      propertyPath: m_LocalPosition.y
      value: 0
      objectReference: {fileID: 0}
    - target: {fileID: 2451105180980456737, guid: d67758c56d00a3343b72bfced74cefa6,
        type: 3}
      propertyPath: m_LocalPosition.z
      value: 90
      objectReference: {fileID: 0}
    - target: {fileID: 2451105180980456737, guid: d67758c56d00a3343b72bfced74cefa6,
        type: 3}
      propertyPath: m_LocalRotation.x
      value: 0
      objectReference: {fileID: 0}
    - target: {fileID: 2451105180980456737, guid: d67758c56d00a3343b72bfced74cefa6,
        type: 3}
      propertyPath: m_LocalRotation.y
      value: 0
      objectReference: {fileID: 0}
    - target: {fileID: 2451105180980456737, guid: d67758c56d00a3343b72bfced74cefa6,
        type: 3}
      propertyPath: m_LocalRotation.z
      value: 0
      objectReference: {fileID: 0}
    - target: {fileID: 2451105180980456737, guid: d67758c56d00a3343b72bfced74cefa6,
        type: 3}
      propertyPath: m_LocalRotation.w
      value: 1
      objectReference: {fileID: 0}
    - target: {fileID: 2451105180980456737, guid: d67758c56d00a3343b72bfced74cefa6,
        type: 3}
      propertyPath: m_RootOrder
      value: 3
      objectReference: {fileID: 0}
    - target: {fileID: 2451105180980456737, guid: d67758c56d00a3343b72bfced74cefa6,
        type: 3}
      propertyPath: m_LocalEulerAnglesHint.x
      value: 0
      objectReference: {fileID: 0}
    - target: {fileID: 2451105180980456737, guid: d67758c56d00a3343b72bfced74cefa6,
        type: 3}
      propertyPath: m_LocalEulerAnglesHint.y
      value: 0
      objectReference: {fileID: 0}
    - target: {fileID: 2451105180980456737, guid: d67758c56d00a3343b72bfced74cefa6,
        type: 3}
      propertyPath: m_LocalEulerAnglesHint.z
      value: 0
      objectReference: {fileID: 0}
    - target: {fileID: 2451105180980456737, guid: d67758c56d00a3343b72bfced74cefa6,
        type: 3}
      propertyPath: m_AnchoredPosition.x
      value: 0.00000023841858
      objectReference: {fileID: 0}
    - target: {fileID: 2451105180980456737, guid: d67758c56d00a3343b72bfced74cefa6,
        type: 3}
      propertyPath: m_AnchoredPosition.y
      value: 2.355
      objectReference: {fileID: 0}
    - target: {fileID: 2451105180980456737, guid: d67758c56d00a3343b72bfced74cefa6,
        type: 3}
      propertyPath: m_SizeDelta.x
      value: 1920
      objectReference: {fileID: 0}
    - target: {fileID: 2451105180980456737, guid: d67758c56d00a3343b72bfced74cefa6,
        type: 3}
      propertyPath: m_SizeDelta.y
      value: 1080.8633
      objectReference: {fileID: 0}
    - target: {fileID: 2451105180980456737, guid: d67758c56d00a3343b72bfced74cefa6,
        type: 3}
      propertyPath: m_AnchorMin.x
      value: 0
      objectReference: {fileID: 0}
    - target: {fileID: 2451105180980456737, guid: d67758c56d00a3343b72bfced74cefa6,
        type: 3}
      propertyPath: m_AnchorMin.y
      value: 0
      objectReference: {fileID: 0}
    - target: {fileID: 2451105180980456737, guid: d67758c56d00a3343b72bfced74cefa6,
        type: 3}
      propertyPath: m_AnchorMax.x
      value: 0
      objectReference: {fileID: 0}
    - target: {fileID: 2451105180980456737, guid: d67758c56d00a3343b72bfced74cefa6,
        type: 3}
      propertyPath: m_AnchorMax.y
      value: 0
      objectReference: {fileID: 0}
    - target: {fileID: 2451105180980456737, guid: d67758c56d00a3343b72bfced74cefa6,
        type: 3}
      propertyPath: m_Pivot.x
      value: 0.5
      objectReference: {fileID: 0}
    - target: {fileID: 2451105180980456737, guid: d67758c56d00a3343b72bfced74cefa6,
        type: 3}
      propertyPath: m_Pivot.y
      value: 0.5
      objectReference: {fileID: 0}
    - target: {fileID: 2451105180980456738, guid: d67758c56d00a3343b72bfced74cefa6,
        type: 3}
      propertyPath: m_Camera
      value: 
      objectReference: {fileID: 0}
    - target: {fileID: 2451105180438981865, guid: d67758c56d00a3343b72bfced74cefa6,
        type: 3}
      propertyPath: target
      value: 
      objectReference: {fileID: 2055410521}
    - target: {fileID: 2451105179805526613, guid: d67758c56d00a3343b72bfced74cefa6,
        type: 3}
      propertyPath: target
      value: 
      objectReference: {fileID: 823712673}
    m_RemovedComponents: []
  m_SourcePrefab: {fileID: 100100000, guid: d67758c56d00a3343b72bfced74cefa6, type: 3}
  m_IsPrefabAsset: 0
--- !u!1001 &3244819466770625684
Prefab:
  m_ObjectHideFlags: 0
  serializedVersion: 2
  m_Modification:
    m_TransformParent: {fileID: 0}
    m_Modifications:
    - target: {fileID: 3244819465399413709, guid: f152df87311af5348a9ae5ebf1bd4df2,
        type: 3}
      propertyPath: m_Name
      value: GameEventListeners
      objectReference: {fileID: 0}
    - target: {fileID: 3244819465399413711, guid: f152df87311af5348a9ae5ebf1bd4df2,
        type: 3}
      propertyPath: m_LocalPosition.x
      value: 0.8217007
      objectReference: {fileID: 0}
    - target: {fileID: 3244819465399413711, guid: f152df87311af5348a9ae5ebf1bd4df2,
        type: 3}
      propertyPath: m_LocalPosition.y
      value: -1.2722143
      objectReference: {fileID: 0}
    - target: {fileID: 3244819465399413711, guid: f152df87311af5348a9ae5ebf1bd4df2,
        type: 3}
      propertyPath: m_LocalPosition.z
      value: 0.28901255
      objectReference: {fileID: 0}
    - target: {fileID: 3244819465399413711, guid: f152df87311af5348a9ae5ebf1bd4df2,
        type: 3}
      propertyPath: m_LocalRotation.x
      value: 0
      objectReference: {fileID: 0}
    - target: {fileID: 3244819465399413711, guid: f152df87311af5348a9ae5ebf1bd4df2,
        type: 3}
      propertyPath: m_LocalRotation.y
      value: 0
      objectReference: {fileID: 0}
    - target: {fileID: 3244819465399413711, guid: f152df87311af5348a9ae5ebf1bd4df2,
        type: 3}
      propertyPath: m_LocalRotation.z
      value: 0
      objectReference: {fileID: 0}
    - target: {fileID: 3244819465399413711, guid: f152df87311af5348a9ae5ebf1bd4df2,
        type: 3}
      propertyPath: m_LocalRotation.w
      value: 1
      objectReference: {fileID: 0}
    - target: {fileID: 3244819465399413711, guid: f152df87311af5348a9ae5ebf1bd4df2,
        type: 3}
      propertyPath: m_RootOrder
      value: 2
      objectReference: {fileID: 0}
    - target: {fileID: 3244819465399413711, guid: f152df87311af5348a9ae5ebf1bd4df2,
        type: 3}
      propertyPath: m_LocalEulerAnglesHint.x
      value: 0
      objectReference: {fileID: 0}
    - target: {fileID: 3244819465399413711, guid: f152df87311af5348a9ae5ebf1bd4df2,
        type: 3}
      propertyPath: m_LocalEulerAnglesHint.y
      value: 0
      objectReference: {fileID: 0}
    - target: {fileID: 3244819465399413711, guid: f152df87311af5348a9ae5ebf1bd4df2,
        type: 3}
      propertyPath: m_LocalEulerAnglesHint.z
      value: 0
      objectReference: {fileID: 0}
    - target: {fileID: 3244819465399413710, guid: f152df87311af5348a9ae5ebf1bd4df2,
        type: 3}
      propertyPath: Response.m_PersistentCalls.m_Calls.Array.data[0].m_Target
      value: 
      objectReference: {fileID: 1425781594}
    - target: {fileID: 3244819465399413705, guid: f152df87311af5348a9ae5ebf1bd4df2,
        type: 3}
      propertyPath: Response.m_PersistentCalls.m_Calls.Array.data[0].m_Target
      value: 
      objectReference: {fileID: 2125703184}
    - target: {fileID: 3244819465399413704, guid: f152df87311af5348a9ae5ebf1bd4df2,
        type: 3}
      propertyPath: Response.m_PersistentCalls.m_Calls.Array.data[0].m_Target
      value: 
      objectReference: {fileID: 2125703184}
    - target: {fileID: 3244819465399413706, guid: f152df87311af5348a9ae5ebf1bd4df2,
        type: 3}
      propertyPath: Response.m_PersistentCalls.m_Calls.Array.data[0].m_Target
      value: 
      objectReference: {fileID: 850338778}
    - target: {fileID: 3244819465399413707, guid: f152df87311af5348a9ae5ebf1bd4df2,
        type: 3}
      propertyPath: Response.m_PersistentCalls.m_Calls.Array.data[0].m_Target
      value: 
      objectReference: {fileID: 2055410524}
    - target: {fileID: 3244819465399413707, guid: f152df87311af5348a9ae5ebf1bd4df2,
        type: 3}
      propertyPath: Response.m_PersistentCalls.m_Calls.Array.data[1].m_Target
      value: 
      objectReference: {fileID: 2028268816}
    - target: {fileID: 3244819465399413707, guid: f152df87311af5348a9ae5ebf1bd4df2,
        type: 3}
      propertyPath: Response.m_PersistentCalls.m_Calls.Array.data[2].m_Target
      value: 
      objectReference: {fileID: 2127142844}
    - target: {fileID: 3244819465399413748, guid: f152df87311af5348a9ae5ebf1bd4df2,
        type: 3}
      propertyPath: Response.m_PersistentCalls.m_Calls.Array.data[0].m_Target
      value: 
      objectReference: {fileID: 2132814368}
    m_RemovedComponents: []
  m_SourcePrefab: {fileID: 100100000, guid: f152df87311af5348a9ae5ebf1bd4df2, type: 3}
  m_IsPrefabAsset: 0
--- !u!1001 &4425684395477445483
Prefab:
  m_ObjectHideFlags: 0
  serializedVersion: 2
  m_Modification:
    m_TransformParent: {fileID: 0}
    m_Modifications:
    - target: {fileID: 4425684393861969969, guid: ae9e753b74d22d847a095c7dac1dfc5d,
        type: 3}
      propertyPath: m_Name
      value: EventSystem
      objectReference: {fileID: 0}
    - target: {fileID: 4425684393861969974, guid: ae9e753b74d22d847a095c7dac1dfc5d,
        type: 3}
      propertyPath: m_LocalPosition.x
      value: 0
      objectReference: {fileID: 0}
    - target: {fileID: 4425684393861969974, guid: ae9e753b74d22d847a095c7dac1dfc5d,
        type: 3}
      propertyPath: m_LocalPosition.y
      value: 0
      objectReference: {fileID: 0}
    - target: {fileID: 4425684393861969974, guid: ae9e753b74d22d847a095c7dac1dfc5d,
        type: 3}
      propertyPath: m_LocalPosition.z
      value: 0
      objectReference: {fileID: 0}
    - target: {fileID: 4425684393861969974, guid: ae9e753b74d22d847a095c7dac1dfc5d,
        type: 3}
      propertyPath: m_LocalRotation.x
      value: 0
      objectReference: {fileID: 0}
    - target: {fileID: 4425684393861969974, guid: ae9e753b74d22d847a095c7dac1dfc5d,
        type: 3}
      propertyPath: m_LocalRotation.y
      value: 0
      objectReference: {fileID: 0}
    - target: {fileID: 4425684393861969974, guid: ae9e753b74d22d847a095c7dac1dfc5d,
        type: 3}
      propertyPath: m_LocalRotation.z
      value: 0
      objectReference: {fileID: 0}
    - target: {fileID: 4425684393861969974, guid: ae9e753b74d22d847a095c7dac1dfc5d,
        type: 3}
      propertyPath: m_LocalRotation.w
      value: 1
      objectReference: {fileID: 0}
    - target: {fileID: 4425684393861969974, guid: ae9e753b74d22d847a095c7dac1dfc5d,
        type: 3}
      propertyPath: m_RootOrder
      value: 4
      objectReference: {fileID: 0}
    - target: {fileID: 4425684393861969974, guid: ae9e753b74d22d847a095c7dac1dfc5d,
        type: 3}
      propertyPath: m_LocalEulerAnglesHint.x
      value: 0
      objectReference: {fileID: 0}
    - target: {fileID: 4425684393861969974, guid: ae9e753b74d22d847a095c7dac1dfc5d,
        type: 3}
      propertyPath: m_LocalEulerAnglesHint.y
      value: 0
      objectReference: {fileID: 0}
    - target: {fileID: 4425684393861969974, guid: ae9e753b74d22d847a095c7dac1dfc5d,
        type: 3}
      propertyPath: m_LocalEulerAnglesHint.z
      value: 0
      objectReference: {fileID: 0}
    m_RemovedComponents: []
  m_SourcePrefab: {fileID: 100100000, guid: ae9e753b74d22d847a095c7dac1dfc5d, type: 3}
  m_IsPrefabAsset: 0
--- !u!1001 &6700072937948968355
Prefab:
  m_ObjectHideFlags: 0
  serializedVersion: 2
  m_Modification:
    m_TransformParent: {fileID: 0}
    m_Modifications:
    - target: {fileID: 6700072937225103456, guid: 7a17d0eca4210fb4eb2ce3d57805cc45,
        type: 3}
      propertyPath: m_Name
      value: Wall
      objectReference: {fileID: 0}
    - target: {fileID: 6700072937225103462, guid: 7a17d0eca4210fb4eb2ce3d57805cc45,
        type: 3}
      propertyPath: m_LocalPosition.x
      value: -8.98
      objectReference: {fileID: 0}
    - target: {fileID: 6700072937225103462, guid: 7a17d0eca4210fb4eb2ce3d57805cc45,
        type: 3}
      propertyPath: m_LocalPosition.y
      value: 1.89
      objectReference: {fileID: 0}
    - target: {fileID: 6700072937225103462, guid: 7a17d0eca4210fb4eb2ce3d57805cc45,
        type: 3}
      propertyPath: m_LocalPosition.z
      value: 0
      objectReference: {fileID: 0}
    - target: {fileID: 6700072937225103462, guid: 7a17d0eca4210fb4eb2ce3d57805cc45,
        type: 3}
      propertyPath: m_LocalRotation.x
      value: 0
      objectReference: {fileID: 0}
    - target: {fileID: 6700072937225103462, guid: 7a17d0eca4210fb4eb2ce3d57805cc45,
        type: 3}
      propertyPath: m_LocalRotation.y
      value: 0
      objectReference: {fileID: 0}
    - target: {fileID: 6700072937225103462, guid: 7a17d0eca4210fb4eb2ce3d57805cc45,
        type: 3}
      propertyPath: m_LocalRotation.z
      value: 0
      objectReference: {fileID: 0}
    - target: {fileID: 6700072937225103462, guid: 7a17d0eca4210fb4eb2ce3d57805cc45,
        type: 3}
      propertyPath: m_LocalRotation.w
      value: 1
      objectReference: {fileID: 0}
    - target: {fileID: 6700072937225103462, guid: 7a17d0eca4210fb4eb2ce3d57805cc45,
        type: 3}
      propertyPath: m_RootOrder
      value: 9
      objectReference: {fileID: 0}
    - target: {fileID: 6700072937225103462, guid: 7a17d0eca4210fb4eb2ce3d57805cc45,
        type: 3}
      propertyPath: m_LocalEulerAnglesHint.x
      value: 0
      objectReference: {fileID: 0}
    - target: {fileID: 6700072937225103462, guid: 7a17d0eca4210fb4eb2ce3d57805cc45,
        type: 3}
      propertyPath: m_LocalEulerAnglesHint.y
      value: 0
      objectReference: {fileID: 0}
    - target: {fileID: 6700072937225103462, guid: 7a17d0eca4210fb4eb2ce3d57805cc45,
        type: 3}
      propertyPath: m_LocalEulerAnglesHint.z
      value: 0
      objectReference: {fileID: 0}
    m_RemovedComponents: []
  m_SourcePrefab: {fileID: 100100000, guid: 7a17d0eca4210fb4eb2ce3d57805cc45, type: 3}
  m_IsPrefabAsset: 0
--- !u!1001 &6721200322394295016
Prefab:
  m_ObjectHideFlags: 0
  serializedVersion: 2
  m_Modification:
    m_TransformParent: {fileID: 0}
    m_Modifications:
    - target: {fileID: 6721200322023843828, guid: 6f0db418ce77c374c9612037c3912ab1,
        type: 3}
      propertyPath: m_Name
      value: Canvas
      objectReference: {fileID: 0}
    - target: {fileID: 6721200322023843784, guid: 6f0db418ce77c374c9612037c3912ab1,
        type: 3}
      propertyPath: m_LocalPosition.x
      value: 0
      objectReference: {fileID: 0}
    - target: {fileID: 6721200322023843784, guid: 6f0db418ce77c374c9612037c3912ab1,
        type: 3}
      propertyPath: m_LocalPosition.y
      value: 0
      objectReference: {fileID: 0}
    - target: {fileID: 6721200322023843784, guid: 6f0db418ce77c374c9612037c3912ab1,
        type: 3}
      propertyPath: m_LocalPosition.z
      value: 0
      objectReference: {fileID: 0}
    - target: {fileID: 6721200322023843784, guid: 6f0db418ce77c374c9612037c3912ab1,
        type: 3}
      propertyPath: m_LocalRotation.x
      value: 0
      objectReference: {fileID: 0}
    - target: {fileID: 6721200322023843784, guid: 6f0db418ce77c374c9612037c3912ab1,
        type: 3}
      propertyPath: m_LocalRotation.y
      value: 0
      objectReference: {fileID: 0}
    - target: {fileID: 6721200322023843784, guid: 6f0db418ce77c374c9612037c3912ab1,
        type: 3}
      propertyPath: m_LocalRotation.z
      value: 0
      objectReference: {fileID: 0}
    - target: {fileID: 6721200322023843784, guid: 6f0db418ce77c374c9612037c3912ab1,
        type: 3}
      propertyPath: m_LocalRotation.w
      value: 1
      objectReference: {fileID: 0}
    - target: {fileID: 6721200322023843784, guid: 6f0db418ce77c374c9612037c3912ab1,
        type: 3}
      propertyPath: m_RootOrder
      value: 1
      objectReference: {fileID: 0}
    - target: {fileID: 6721200322023843784, guid: 6f0db418ce77c374c9612037c3912ab1,
        type: 3}
      propertyPath: m_LocalEulerAnglesHint.x
      value: 0
      objectReference: {fileID: 0}
    - target: {fileID: 6721200322023843784, guid: 6f0db418ce77c374c9612037c3912ab1,
        type: 3}
      propertyPath: m_LocalEulerAnglesHint.y
      value: 0
      objectReference: {fileID: 0}
    - target: {fileID: 6721200322023843784, guid: 6f0db418ce77c374c9612037c3912ab1,
        type: 3}
      propertyPath: m_LocalEulerAnglesHint.z
      value: 0
      objectReference: {fileID: 0}
    - target: {fileID: 6721200322023843784, guid: 6f0db418ce77c374c9612037c3912ab1,
        type: 3}
      propertyPath: m_AnchoredPosition.x
      value: 0
      objectReference: {fileID: 0}
    - target: {fileID: 6721200322023843784, guid: 6f0db418ce77c374c9612037c3912ab1,
        type: 3}
      propertyPath: m_AnchoredPosition.y
      value: 0
      objectReference: {fileID: 0}
    - target: {fileID: 6721200322023843784, guid: 6f0db418ce77c374c9612037c3912ab1,
        type: 3}
      propertyPath: m_SizeDelta.x
      value: 0
      objectReference: {fileID: 0}
    - target: {fileID: 6721200322023843784, guid: 6f0db418ce77c374c9612037c3912ab1,
        type: 3}
      propertyPath: m_SizeDelta.y
      value: 0
      objectReference: {fileID: 0}
    - target: {fileID: 6721200322023843784, guid: 6f0db418ce77c374c9612037c3912ab1,
        type: 3}
      propertyPath: m_AnchorMin.x
      value: 0
      objectReference: {fileID: 0}
    - target: {fileID: 6721200322023843784, guid: 6f0db418ce77c374c9612037c3912ab1,
        type: 3}
      propertyPath: m_AnchorMin.y
      value: 0
      objectReference: {fileID: 0}
    - target: {fileID: 6721200322023843784, guid: 6f0db418ce77c374c9612037c3912ab1,
        type: 3}
      propertyPath: m_AnchorMax.x
      value: 0
      objectReference: {fileID: 0}
    - target: {fileID: 6721200322023843784, guid: 6f0db418ce77c374c9612037c3912ab1,
        type: 3}
      propertyPath: m_AnchorMax.y
      value: 0
      objectReference: {fileID: 0}
    - target: {fileID: 6721200322023843784, guid: 6f0db418ce77c374c9612037c3912ab1,
        type: 3}
      propertyPath: m_Pivot.x
      value: 0
      objectReference: {fileID: 0}
    - target: {fileID: 6721200322023843784, guid: 6f0db418ce77c374c9612037c3912ab1,
        type: 3}
      propertyPath: m_Pivot.y
      value: 0
      objectReference: {fileID: 0}
    - target: {fileID: 6721200322023843831, guid: 6f0db418ce77c374c9612037c3912ab1,
        type: 3}
      propertyPath: m_Camera
      value: 
      objectReference: {fileID: 0}
    m_RemovedComponents: []
  m_SourcePrefab: {fileID: 100100000, guid: 6f0db418ce77c374c9612037c3912ab1, type: 3}
  m_IsPrefabAsset: 0
--- !u!1001 &6770270165973634355
Prefab:
  m_ObjectHideFlags: 0
  serializedVersion: 2
  m_Modification:
    m_TransformParent: {fileID: 0}
    m_Modifications:
    - target: {fileID: 6770270165557988955, guid: 5115e164ceddb134a9e610f04e410d20,
        type: 3}
      propertyPath: m_Name
      value: Ground
      objectReference: {fileID: 0}
    - target: {fileID: 6770270165557988952, guid: 5115e164ceddb134a9e610f04e410d20,
        type: 3}
      propertyPath: m_LocalPosition.x
      value: 0
      objectReference: {fileID: 0}
    - target: {fileID: 6770270165557988952, guid: 5115e164ceddb134a9e610f04e410d20,
        type: 3}
      propertyPath: m_LocalPosition.y
      value: -3.85
      objectReference: {fileID: 0}
    - target: {fileID: 6770270165557988952, guid: 5115e164ceddb134a9e610f04e410d20,
        type: 3}
      propertyPath: m_LocalPosition.z
      value: 0
      objectReference: {fileID: 0}
    - target: {fileID: 6770270165557988952, guid: 5115e164ceddb134a9e610f04e410d20,
        type: 3}
      propertyPath: m_LocalRotation.x
      value: 0
      objectReference: {fileID: 0}
    - target: {fileID: 6770270165557988952, guid: 5115e164ceddb134a9e610f04e410d20,
        type: 3}
      propertyPath: m_LocalRotation.y
      value: 0
      objectReference: {fileID: 0}
    - target: {fileID: 6770270165557988952, guid: 5115e164ceddb134a9e610f04e410d20,
        type: 3}
      propertyPath: m_LocalRotation.z
      value: 0
      objectReference: {fileID: 0}
    - target: {fileID: 6770270165557988952, guid: 5115e164ceddb134a9e610f04e410d20,
        type: 3}
      propertyPath: m_LocalRotation.w
      value: 1
      objectReference: {fileID: 0}
    - target: {fileID: 6770270165557988952, guid: 5115e164ceddb134a9e610f04e410d20,
        type: 3}
      propertyPath: m_RootOrder
      value: 5
      objectReference: {fileID: 0}
    - target: {fileID: 6770270165557988952, guid: 5115e164ceddb134a9e610f04e410d20,
        type: 3}
      propertyPath: m_LocalEulerAnglesHint.x
      value: 0
      objectReference: {fileID: 0}
    - target: {fileID: 6770270165557988952, guid: 5115e164ceddb134a9e610f04e410d20,
        type: 3}
      propertyPath: m_LocalEulerAnglesHint.y
      value: 0
      objectReference: {fileID: 0}
    - target: {fileID: 6770270165557988952, guid: 5115e164ceddb134a9e610f04e410d20,
        type: 3}
      propertyPath: m_LocalEulerAnglesHint.z
      value: 0
      objectReference: {fileID: 0}
    - target: {fileID: 6770270165557988953, guid: 5115e164ceddb134a9e610f04e410d20,
        type: 3}
      propertyPath: m_Enabled
      value: 0
      objectReference: {fileID: 0}
    m_RemovedComponents: []
  m_SourcePrefab: {fileID: 100100000, guid: 5115e164ceddb134a9e610f04e410d20, type: 3}
  m_IsPrefabAsset: 0
--- !u!1001 &7481070402701010089
Prefab:
  m_ObjectHideFlags: 0
  serializedVersion: 2
  m_Modification:
    m_TransformParent: {fileID: 0}
    m_Modifications:
    - target: {fileID: 7481070404202510320, guid: 6e4240ff0f1ccf94eacd534a5259f477,
        type: 3}
      propertyPath: m_Name
      value: Blob2
      objectReference: {fileID: 0}
    - target: {fileID: 7481070402991654771, guid: 6e4240ff0f1ccf94eacd534a5259f477,
        type: 3}
      propertyPath: theBubble
      value: 
      objectReference: {fileID: 2125703184}
    - target: {fileID: 7481070404202510324, guid: 6e4240ff0f1ccf94eacd534a5259f477,
        type: 3}
      propertyPath: m_LocalPosition.x
      value: -4.62
      objectReference: {fileID: 0}
    - target: {fileID: 7481070404202510324, guid: 6e4240ff0f1ccf94eacd534a5259f477,
        type: 3}
      propertyPath: m_LocalPosition.y
      value: -1.3
      objectReference: {fileID: 0}
    - target: {fileID: 7481070404202510324, guid: 6e4240ff0f1ccf94eacd534a5259f477,
        type: 3}
      propertyPath: m_LocalPosition.z
      value: 0
      objectReference: {fileID: 0}
    - target: {fileID: 7481070404202510324, guid: 6e4240ff0f1ccf94eacd534a5259f477,
        type: 3}
      propertyPath: m_LocalRotation.x
      value: 0
      objectReference: {fileID: 0}
    - target: {fileID: 7481070404202510324, guid: 6e4240ff0f1ccf94eacd534a5259f477,
        type: 3}
      propertyPath: m_LocalRotation.y
      value: 0
      objectReference: {fileID: 0}
    - target: {fileID: 7481070404202510324, guid: 6e4240ff0f1ccf94eacd534a5259f477,
        type: 3}
      propertyPath: m_LocalRotation.z
      value: 0
      objectReference: {fileID: 0}
    - target: {fileID: 7481070404202510324, guid: 6e4240ff0f1ccf94eacd534a5259f477,
        type: 3}
      propertyPath: m_LocalRotation.w
      value: 1
      objectReference: {fileID: 0}
    - target: {fileID: 7481070404202510324, guid: 6e4240ff0f1ccf94eacd534a5259f477,
        type: 3}
      propertyPath: m_RootOrder
      value: 7
      objectReference: {fileID: 0}
    - target: {fileID: 7481070404202510324, guid: 6e4240ff0f1ccf94eacd534a5259f477,
        type: 3}
      propertyPath: m_LocalEulerAnglesHint.x
      value: 0
      objectReference: {fileID: 0}
    - target: {fileID: 7481070404202510324, guid: 6e4240ff0f1ccf94eacd534a5259f477,
        type: 3}
      propertyPath: m_LocalEulerAnglesHint.y
      value: 0
      objectReference: {fileID: 0}
    - target: {fileID: 7481070404202510324, guid: 6e4240ff0f1ccf94eacd534a5259f477,
        type: 3}
      propertyPath: m_LocalEulerAnglesHint.z
      value: 0
      objectReference: {fileID: 0}
    - target: {fileID: 7481070404139170581, guid: 6e4240ff0f1ccf94eacd534a5259f477,
        type: 3}
      propertyPath: theBubble
      value: 
      objectReference: {fileID: 2125703184}
    - target: {fileID: 7481070404158525065, guid: 6e4240ff0f1ccf94eacd534a5259f477,
        type: 3}
      propertyPath: theBubble
      value: 
      objectReference: {fileID: 2125703184}
    - target: {fileID: 7481070404202510323, guid: 6e4240ff0f1ccf94eacd534a5259f477,
        type: 3}
      propertyPath: m_Mesh
      value: 
      objectReference: {fileID: 0}
    m_RemovedComponents: []
  m_SourcePrefab: {fileID: 100100000, guid: 6e4240ff0f1ccf94eacd534a5259f477, type: 3}
  m_IsPrefabAsset: 0
--- !u!1001 &8215623114565046326
Prefab:
  m_ObjectHideFlags: 0
  serializedVersion: 2
  m_Modification:
    m_TransformParent: {fileID: 0}
    m_Modifications:
    - target: {fileID: 8215623114811697226, guid: cac633f413474df47a8596f4c37d55ac,
        type: 3}
      propertyPath: m_Name
      value: Main Camera
      objectReference: {fileID: 0}
    - target: {fileID: 8215623114811697225, guid: cac633f413474df47a8596f4c37d55ac,
        type: 3}
      propertyPath: m_BackGroundColor.r
      value: 0
      objectReference: {fileID: 0}
    - target: {fileID: 8215623114811697225, guid: cac633f413474df47a8596f4c37d55ac,
        type: 3}
      propertyPath: m_BackGroundColor.g
      value: 0
      objectReference: {fileID: 0}
    - target: {fileID: 8215623114811697225, guid: cac633f413474df47a8596f4c37d55ac,
        type: 3}
      propertyPath: m_BackGroundColor.b
      value: 0
      objectReference: {fileID: 0}
    - target: {fileID: 8215623114811697334, guid: cac633f413474df47a8596f4c37d55ac,
        type: 3}
      propertyPath: m_LocalPosition.x
      value: -4.62
      objectReference: {fileID: 0}
    - target: {fileID: 8215623114811697334, guid: cac633f413474df47a8596f4c37d55ac,
        type: 3}
      propertyPath: m_LocalPosition.y
      value: 1.0550001
      objectReference: {fileID: 0}
    - target: {fileID: 8215623114811697334, guid: cac633f413474df47a8596f4c37d55ac,
        type: 3}
      propertyPath: m_LocalPosition.z
      value: -10
      objectReference: {fileID: 0}
    - target: {fileID: 8215623114811697334, guid: cac633f413474df47a8596f4c37d55ac,
        type: 3}
      propertyPath: m_LocalRotation.x
      value: 0
      objectReference: {fileID: 0}
    - target: {fileID: 8215623114811697334, guid: cac633f413474df47a8596f4c37d55ac,
        type: 3}
      propertyPath: m_LocalRotation.y
      value: 0
      objectReference: {fileID: 0}
    - target: {fileID: 8215623114811697334, guid: cac633f413474df47a8596f4c37d55ac,
        type: 3}
      propertyPath: m_LocalRotation.z
      value: 0
      objectReference: {fileID: 0}
    - target: {fileID: 8215623114811697334, guid: cac633f413474df47a8596f4c37d55ac,
        type: 3}
      propertyPath: m_LocalRotation.w
      value: 1
      objectReference: {fileID: 0}
    - target: {fileID: 8215623114811697334, guid: cac633f413474df47a8596f4c37d55ac,
        type: 3}
      propertyPath: m_RootOrder
      value: 0
      objectReference: {fileID: 0}
    - target: {fileID: 8215623114811697334, guid: cac633f413474df47a8596f4c37d55ac,
        type: 3}
      propertyPath: m_LocalEulerAnglesHint.x
      value: 0
      objectReference: {fileID: 0}
    - target: {fileID: 8215623114811697334, guid: cac633f413474df47a8596f4c37d55ac,
        type: 3}
      propertyPath: m_LocalEulerAnglesHint.y
      value: 0
      objectReference: {fileID: 0}
    - target: {fileID: 8215623114811697334, guid: cac633f413474df47a8596f4c37d55ac,
        type: 3}
      propertyPath: m_LocalEulerAnglesHint.z
      value: 0
      objectReference: {fileID: 0}
    m_RemovedComponents: []
  m_SourcePrefab: {fileID: 100100000, guid: cac633f413474df47a8596f4c37d55ac, type: 3}
  m_IsPrefabAsset: 0
--- !u!1001 &8473258979838368020
Prefab:
  m_ObjectHideFlags: 0
  serializedVersion: 2
  m_Modification:
    m_TransformParent: {fileID: 0}
    m_Modifications:
    - target: {fileID: 8473258980091577013, guid: 0cbe03d357481c44d93f4f122280a125,
        type: 3}
      propertyPath: m_Name
      value: NPC
      objectReference: {fileID: 0}
    - target: {fileID: 8473258980091577013, guid: 0cbe03d357481c44d93f4f122280a125,
        type: 3}
      propertyPath: m_IsActive
      value: 0
      objectReference: {fileID: 0}
    - target: {fileID: 8473258980091577015, guid: 0cbe03d357481c44d93f4f122280a125,
        type: 3}
      propertyPath: m_LocalPosition.x
      value: -8.74
      objectReference: {fileID: 0}
    - target: {fileID: 8473258980091577015, guid: 0cbe03d357481c44d93f4f122280a125,
        type: 3}
      propertyPath: m_LocalPosition.y
      value: -1.46
      objectReference: {fileID: 0}
    - target: {fileID: 8473258980091577015, guid: 0cbe03d357481c44d93f4f122280a125,
        type: 3}
      propertyPath: m_LocalPosition.z
      value: 0
      objectReference: {fileID: 0}
    - target: {fileID: 8473258980091577015, guid: 0cbe03d357481c44d93f4f122280a125,
        type: 3}
      propertyPath: m_LocalRotation.x
      value: 0
      objectReference: {fileID: 0}
    - target: {fileID: 8473258980091577015, guid: 0cbe03d357481c44d93f4f122280a125,
        type: 3}
      propertyPath: m_LocalRotation.y
      value: 0
      objectReference: {fileID: 0}
    - target: {fileID: 8473258980091577015, guid: 0cbe03d357481c44d93f4f122280a125,
        type: 3}
      propertyPath: m_LocalRotation.z
      value: 0
      objectReference: {fileID: 0}
    - target: {fileID: 8473258980091577015, guid: 0cbe03d357481c44d93f4f122280a125,
        type: 3}
      propertyPath: m_LocalRotation.w
      value: 1
      objectReference: {fileID: 0}
    - target: {fileID: 8473258980091577015, guid: 0cbe03d357481c44d93f4f122280a125,
        type: 3}
      propertyPath: m_RootOrder
      value: 11
      objectReference: {fileID: 0}
    - target: {fileID: 8473258980091577015, guid: 0cbe03d357481c44d93f4f122280a125,
        type: 3}
      propertyPath: m_LocalEulerAnglesHint.x
      value: 0
      objectReference: {fileID: 0}
    - target: {fileID: 8473258980091577015, guid: 0cbe03d357481c44d93f4f122280a125,
        type: 3}
      propertyPath: m_LocalEulerAnglesHint.y
      value: 0
      objectReference: {fileID: 0}
    - target: {fileID: 8473258980091577015, guid: 0cbe03d357481c44d93f4f122280a125,
        type: 3}
      propertyPath: m_LocalEulerAnglesHint.z
      value: 0
      objectReference: {fileID: 0}
    - target: {fileID: 8473258979855017657, guid: 0cbe03d357481c44d93f4f122280a125,
        type: 3}
      propertyPath: theBubble
      value: 
      objectReference: {fileID: 15822510}
    m_RemovedComponents: []
  m_SourcePrefab: {fileID: 100100000, guid: 0cbe03d357481c44d93f4f122280a125, type: 3}
  m_IsPrefabAsset: 0
--- !u!1001 &8893643759894875967
Prefab:
  m_ObjectHideFlags: 0
  serializedVersion: 2
  m_Modification:
    m_TransformParent: {fileID: 0}
    m_Modifications:
    - target: {fileID: 8893643761307679848, guid: 55108a7a39ee9d649b95f71f0a67f5a9,
        type: 3}
      propertyPath: m_Name
      value: CM vcam1
      objectReference: {fileID: 0}
    - target: {fileID: 8893643761307679846, guid: 55108a7a39ee9d649b95f71f0a67f5a9,
        type: 3}
      propertyPath: m_LocalPosition.x
      value: -4.62
      objectReference: {fileID: 0}
    - target: {fileID: 8893643761307679846, guid: 55108a7a39ee9d649b95f71f0a67f5a9,
        type: 3}
      propertyPath: m_LocalPosition.y
      value: 1.0550001
      objectReference: {fileID: 0}
    - target: {fileID: 8893643761307679846, guid: 55108a7a39ee9d649b95f71f0a67f5a9,
        type: 3}
      propertyPath: m_LocalPosition.z
      value: -10
      objectReference: {fileID: 0}
    - target: {fileID: 8893643761307679846, guid: 55108a7a39ee9d649b95f71f0a67f5a9,
        type: 3}
      propertyPath: m_LocalRotation.x
      value: 0
      objectReference: {fileID: 0}
    - target: {fileID: 8893643761307679846, guid: 55108a7a39ee9d649b95f71f0a67f5a9,
        type: 3}
      propertyPath: m_LocalRotation.y
      value: 0
      objectReference: {fileID: 0}
    - target: {fileID: 8893643761307679846, guid: 55108a7a39ee9d649b95f71f0a67f5a9,
        type: 3}
      propertyPath: m_LocalRotation.z
      value: 0
      objectReference: {fileID: 0}
    - target: {fileID: 8893643761307679846, guid: 55108a7a39ee9d649b95f71f0a67f5a9,
        type: 3}
      propertyPath: m_LocalRotation.w
      value: 1
      objectReference: {fileID: 0}
    - target: {fileID: 8893643761307679846, guid: 55108a7a39ee9d649b95f71f0a67f5a9,
        type: 3}
      propertyPath: m_RootOrder
      value: 8
      objectReference: {fileID: 0}
    - target: {fileID: 8893643761307679846, guid: 55108a7a39ee9d649b95f71f0a67f5a9,
        type: 3}
      propertyPath: m_LocalEulerAnglesHint.x
      value: 0
      objectReference: {fileID: 0}
    - target: {fileID: 8893643761307679846, guid: 55108a7a39ee9d649b95f71f0a67f5a9,
        type: 3}
      propertyPath: m_LocalEulerAnglesHint.y
      value: 0
      objectReference: {fileID: 0}
    - target: {fileID: 8893643761307679846, guid: 55108a7a39ee9d649b95f71f0a67f5a9,
        type: 3}
      propertyPath: m_LocalEulerAnglesHint.z
      value: 0
      objectReference: {fileID: 0}
    - target: {fileID: 8893643761307679847, guid: 55108a7a39ee9d649b95f71f0a67f5a9,
        type: 3}
      propertyPath: m_Follow
      value: 
      objectReference: {fileID: 0}
    m_RemovedComponents: []
  m_SourcePrefab: {fileID: 100100000, guid: 55108a7a39ee9d649b95f71f0a67f5a9, type: 3}
  m_IsPrefabAsset: 0
